2817 4317
1105 539 1148 626 're

266 754 399 834 ponito:
423 749 629 833 „Patientiam
644 749 724 817 iota
736 753 771 816 in
788 768 844 828 mo,
858 754 889 815 ot
904 705 1149 817 omnicreantem
1251 720 1253 725 Ι

267 851 362 932 rent·
390 859 464 939 ᾳιιὶιι
485 858 547 921 into
569 858 624 938 poi
646 856 747 922 oenoe
768 856 879 948 millies
900 860 1029 921 rontano
1050 853 1149 920 mittin

267 959 428 1025 renonent
434 963 596 1041 eriminum
607 963 753 1041 mouson,
765 976 822 1041 per
833 961 959 1025 ennom
974 953 1144 1042 „Peoooot‘

265 1064 372 1129 cortis
389 1081 462 1129 oero
482 1062 634 1129 contriti?
674 1064 819 1152 Domino,
849 1066 917 1145 onir
945 1064 1055 1151 similis
1072 1063 1147 1129 'tuit

254 1167 324 1233 ‘aad
339 1168 516 1233 elementiae
526 1172 602 1237 ,tuoe
615 1170 764 1233 universo
781 1166 936 1233 minorato
949 1168 1036 1249 tonna
1058 1171 1146 1232 onte·

263 1270 476 1337 retinetene
502 1270 657 1353 Unioooiti
678 1274 732 1351 toi,
755 1277 785 1337 ot
805 1272 878 1337 tolie
899 1273 1014 1336 musto.

309 1371 462 1439 Nostrarn
485 1373 540 1438 ilie
565 1380 713 1438 naturam
735 1371 1001 1459 apprehendens,
1036 1380 1069 1437 et
1092 1394 1144 1439 ar-

266 1477 416 1544 ctissima
439 1478 642 1543 inunitatem
660 1497 822 1561 personae
845 1478 906 1542 sibi
928 1476 1148 1560 adstringens,

262 1584 409 1648 pasoitur
445 1588 487 1647 ex
519 1582 669 1665 Virgine,
705 1581 817 1663 prodit
847 1582 879 1644 in
911 1579 1017 1645 muudi
1048 1579 1146 1664 hujus

262 1687 419 1761 tenebras
441 1690 575 1750 nestrae
594 1684 800 1749 mortalitatis
829 1691 1027 1769 excepturus
1047 1687 1147 1763 prise·

261 1791 340 1871 riae,
354 1792 469 1858 tamem
486 1792 519 1853 et
533 1788 629 1871 sitim,
647 1788 751 1872 trigue
765 1795 798 1852 et
813 1795 948 1869 aestum,
970 1789 1145 1854 nuditatem
1215 1851 1217 1855 ,

261 1898 297 1956 et
318 1891 526 1975 pauperiem,
554 1890 739 1956 iabores'et
761 1891 989 1974 fatigationes,
1023 1892 1144 1974 probra

262 2001 311 2065 et,
328 1994 555 2075 contumelias,
586 1992 833 2077 perseeutiones
852 1999 890 2055 au
906 1993 1145 2074 insectationes,

262 2114 431 2164 moerores
462 2104 496 2162 et
528 2097 677 2178 dolores,
707 2096 900 2162 acerbitates
923 2102 956 2162 et
974 2099 1145 2176 eruciatus,

259 2192 395 2269 eruuen'
424 2202 565 2286 denique
596 2208 630 2266 et
659 2206 803 2267 mortem.
847 2200 998 2266 Nascitur
1021 2202 1054 2265 iu
1078 2208 1146 2266 sta·

260 2306 341 2373 bulo
365 2311 400 2371 ut
422 2324 549 2389 pauper
572 2314 605 2371 et
627 2305 836 2390 peregrinus,
869 2307 985 2388 pannis
1007 2303 1146 2371 involvi·
1180 2321 1187 2326 ·

260 2417 317 2475 tur
331 2416 364 2474 et
384 2410 544 2475 iasoiatur
566 2417 601 2474 ut
623 2410 740 2493 inians,
763 2412 854 2494 vagit
868 2420 904 2476 ut
917 2412 1070 2492 mortalis,
1084 2409 1147 2491 aire

263 2500 465 2578 oumoiditur'
477 2519 513 2576 ut
531 2508 614 2594 Legi
631 2511 807 2596 subjectns,
831 2514 915 2597 iugit
928 2524 963 2580 ut
977 2513 1146 2594 invalidus,

263 2617 347 2682 latet
369 2618 404 2680 'ut
424 2616 607 2698 imbeoiili's,
630 2617 728 2682 vitam
750 2618 820 2701 agit
837 2624 873 2682 nt
886 2619 1063 2698 obsessus,
1084 2635 1145 2699 pa·

259 2719 406 2785 rentibus
429 2718 543 2784 obedit
563 2727 599 2783 nt
619 2719 776 2798 subditus,
799 2725 1012 2784 conversatur
1035 2727 1070 2785 ut
1084 2707 1145 2785 Ιιο·Ι

258 2843 315 2889 mo
337 2823 500 2906 vulgaris,
530 2830 657 2907 tempus
688 2822 953 2889 manifestationis
986 2843 1066 2888 suae
1087 2844 1145 2907 exr

256 2933 412 3013 peetaus:
448 2944 513 3009 quo
545 2935 738 3011 appetente,
772 2926 953 3010 baptizatur
987 2948 1006 2993 a
1040 2944 1140 2992 servo

257 3032 354 3117 quasi
378 3039 552 3115 peooator,
575 3031 705 3115 jejunat
726 3033 759 3102 in
781 3031 930 3113 deserto,
961 3032 1144 3096 tentatura

257 3135 403 3215 dnbolo,
428 3133 528 3224 rudes
552 3118 614 3197 sibi
637 3132 775 3216 adoptat
797 3132 986 3225 diseipuloe,
1006 3131 1143 3196 sensim·
1174 3161 1177 3166 ·

257 3258 325 3323 que
349 3248 410 3304 eo's
427 3237 532 3302 erudit
543 3237 596 3302 ‘ad
611 3236 854 3321 perfeetionem,
875 3237 942 3302 obit
956 3243 1054 3301 tutam
1070 3254 1141 3299 eum

255 3342 309 3407 eie
332 3338 514 3425 regionem,
536 3340 650 3405 salutis
673 3342 756 3405 viam
780 3340 901 3406 doeens
917 3339 1066 3425 populos,
1086 3357 1140 3403 sa·

254 3457 340 3511 naue
361 3445 523 3522 infirmos,
553 3442 895 3526 uonsolaus'affliutos,
918 3459 1098 3550 oppressos
1121 3462 1141 3507 a
