2817 4317
1078 569 1143 635 251

258 780 301 825 ea
327 756 484 839 sublimis,
506 764 636 841 patena,
669 758 819 842 sepiens,
840 780 974 844 magna,
999 762 1144 846 pulchra,

257 868 376 932 saneta
410 861 623 945 eoneipiatnr.
667 861 761 931 Unde
791 883 855 930 nen
887 866 992 931 solnm
1024 868 1143 933 dieitur

255 969 447 1048 unissimus,
481 966 556 1048 qnia
585 966 766 1048 excelsior,
797 969 851 1033 vel
873 967 971 1034 altior
993 972 1140 1036 omnibus

257 1071 347 1152 aliis,
370 1070 430 1135 sed
454 1070 529 1152 quia
545 1069 668 1136 infinite
687 1072 799 1153 altior,
823 1072 908 1138 adeo
931 1081 967 1137 ut
987 1073 1072 1139 inter
1090 1095 1145 1140 su·

257 1192 406 1259 premam
438 1180 619 1237 ereaturam
655 1175 848 1241 existentem
880 1183 914 1240 et
943 1177 1050 1259 ipsum
1084 1180 1149 1243 sint

258 1276 378 1343 infiniti
404 1276 527 1361 gradus
550 1278 734 1361 specierum
762 1281 981 1363 angelicarum
1017 1302 1145 1347 sursum

257 1380 434 1446 tendendo.
471 1380 567 1472 ¹Idem
590 1381 761 1448 dioendnm
784 1384 825 1450 de
848 1384 1005 1468 gradibus
1038 1386 1169 1450 beati-⁴

256 1485 389 1551 tudinis.
434 1484 527 1552 Unde
551 1488 652 1552 omnis
676 1496 827 1554 ereatura
850 1490 1054 1572 quantumvis
1087 1510 1146 1553 ex·

257 1589 351 1654 celsa
374 1595 424 1652 est
444 1588 584 1669 infinito,
617 1597 651 1655 ut
672 1593 722 1657 sio
744 1592 882 1673 dioam‚.
899 1594 1072 1675 intervallo
1095 1596 1143 1658 in·

257 1694 309 1758 fra
333 1692 438 1775 ipsum
461 1692 582 1773 loeata,
612 1695 674 1758 etsi
697 1695 729 1758 in
753 1697 869 1761 eodem
901 1699 1017 1779 spatio.
1062 1698 1147 1763 Hine

259 1796 299 1861 fit
322 1802 356 1860 ut
385 1796 470 1860 inter
500 1805 680 1862 ereaturam
713 1805 747 1862 et
776 1800 883 1882 ipsum
904 1801 1005 1865 Deum
1033 1802 1076 1866 sit
1097 1802 1146 1863 in-

257 1899 386 1967 finitam
418 1899 582 1983 quoddam
612 1896 835 1981 intonandum,
873 1920 936 1967 non
969 1902 1144 1966 distantiae

254 2004 343 2083 loni,
361 1990 435 2072 ‚sed
467 2012 601 2070 naturae
633 2024 692 2071 seu
723 2005 863 2087 gradns3
896 2004 984 2087 quod
1014 2006 1145 2089 mystiei

258 2108 406 2191 theologi
429 2098 624 2184 solitudinem
647 2116 777 2176 venant.
931 2101 934 2106 ’

577 2406 579 2411 k
609 2347 795 2405 PRECATIO,

512 2476 791 2539 Adoltitndinem
819 2456 893 2539 net.

474 2608 514 2663 nx
531 2608 581 2663 ne.
599 2610 622 2665 a.
641 2609 673 2662 ee
690 2607 801 2678 narsae.
822 2622 885 2679 esp.
904 2610 929 2663 e.
974 2595 976 2600 ’
1054 2580 1056 2583 ’

266 2744 267 2747 ’
303 2739 443 2805 Ascende
464 2740 593 2817 spirite,
624 2739 760 2812 meondo
782 2741 811 2800 et
832 2741 934 2799 menta
955 2752 1049 2816 snper
1081 2754 1146 2799 em·

260 2864 332 2912 nem
354 2843 548 2909 altitudinem
568 2843 722 2921 tonorum,
745 2836 926 2921 effictorem,
950 2843 1146 2915 naturarum,

253 2954 405 3024 statuam,
429 2949 505 3012 etta
524 2946 624 3010 Deam
645 2962 748 3011 neom
763 2960 879 3025 noeane
902 2945 953 3023 qut
974 2946 1007 3009 tn
1026 2944 1143 3008 anost-

259 3056 321 3123 nn't
349 3051 480 3116 taeitos.
527 3049 696 3119 Conantem
718 3068 767 3113 me
788 3066 860 3114 enm
891 3046 994 3113 elaotts
1017 3050 1079 3112 teis
1102 3048 1145 3111 od

258 3163 290 3224 ta
313 3141 419 3221 oetam
434 3159 524 3234 juon,
547 3153 691 3231 Domine,
709 3158 743 3219 et
764 3158 865 3218 tecum
886 3168 973 3234 rope.
1000 3194 1003 3197 -

305 3259 577 3346 'l'angeflapieam
606 3255 737 3321 ‘animae
767 3252 900 3321 nostrae
934 3253 1027 3317 radio
1061 3252 1145 3316 lueis

262 3354 357 3443 tuae,
388 3371 422 3429 et
453 3368 591 3426 mentem
614 3367 756 3434 nestram
786 3360 878 3425 trahe
900 3375 1027 3423 sursum
1051 3355 1092 3419 ed
1115 3363 1147 3420 te

260 3488 363 3554 snpra
387 3466 527 3533 omnium
548 3464 744 3544 mutabilium
767 3465 938 3546 sphaeras,
961 3479 1062 3544 supra
1086 3477 1142 3524 so·
