2817 4317
331 576 394 641 272

332 774 422 829 certo
454 766 579 845 spatio,
615 764 696 827 ultra
730 762 817 847 qnod
849 781 911 827 non
935 771 1083 845 possunt
1106 784 1144 827 se
1165 785 1210 828 ex·

331 871 483 934 tendere:
515 870 596 932 intra
622 870 707 951 quod
731 868 862 931 inlinitis
884 866 991 931 modis
1017 879 1210 952 possuntne

332 975 534 1040 eontrahere.
579 975 698 1038 Omnes
723 975 848 1037 formae
879 981 943 1035 tam
975 974 1211 1052 substantiales,

331 1100 425 1166 quam
457 1080 695 1143 aooilleotariae
739 1080 857 1142 habent
891 1077 1021 1142 modum
1059 1078 1211 1160 quendam

331 1185 546 1258 inhaesionis,
569 1182 821 1260 informationis,
853 1190 885 1245 et
908 1182 1039 1245 unionis
1063 1201 1141 1247 oum
1163 1200 1211 1248 sno

332 1289 495 1373 subjecto,
531 1296 563 1351 et
600 1287 704 1351 onmia
734 1286 882 1370 subjecta
912 1287 1038 1349 habent
1068 1289 1212 1353 unionem

267 1390 276 1398 ’
332 1413 402 1457 oum
432 1393 498 1456 suis
521 1392 632 1455 formis
656 1400 688 1454 et
720 1390 950 1455 aooidenlibus.
996 1391 1126 1457 Omnes
1147 1413 1212 1477 par·

332 1505 383 1560 tes
398 1497 453 1558 rei
477 1496 647 1559 continuae
671 1496 792 1559 habent
811 1493 943 1558 modum
959 1496 1132 1577 quendam
1153 1498 1212 1561 nni·

331 1602 402 1664 onis
427 1600 511 1663 inter
533 1620 578 1665 se.
625 1597 782 1663 Similiter
811 1617 930 1663 omnes
946 1598 1077 1681 gradus
1104 1601 1212 1666 formu·

322 1719 399 1766 'rum
431 1724 519 1784 quae·
546 1711 681 1785 possunt
716 1703 828 1767 intenti
862 1710 894 1765 et
924 1687 1067 1787 remitti,
1105 1707 1212 1770 habent

334 1808 493 1893 quandam
516 1809 600 1880 inter
621 1828 659 1872 se
691 1808 843 1872 unionem
867 1827 926 1889 per
948 1806 1098 1874 intimam
1123 1829 1212 1895 qnan-

335 1913 464 1988 damet
487 1921 625 1988 mutuam
647 1912 900 2002 penetrationem
922 1913 1212 1990 etoohaesionem

335 2016 528 2081 Secundum
543 2014 644 2081 hosen
667 2015 790 2096 modos,
814 2016 846 2078 in
869 2017 967 2080 rebus
990 2019 1119 2100 urentis
1143 2035 1211 2101 quo

335 2122 415 2184 tidie
426 2121 503 2183 fiunt
517 2119 765 2183 innumerabiles
777 2113 980 2202 mutationes,
996 2123 1120 2203 quibus
1138 2142 1211 2188 sem·

334 2247 394 2310 per
416 2227 520 2302 aliter,
545 2233 577 2288 et
599 2224 693 2286 aliter
708 2244 744 2287 se
763 2223 898 2307 habent3
922 2243 1061 2306 quarum
1080 2227 1209 2291 omniun

332 2330 418 2392 Deus
444 2327 578 2411 prorsus
603 2335 654 2389 est
675 2314 834 2410 inoapax,
867 2347 937 2393 oum
958 2332 1094 2395 omnino
1117 2333 1161 2395 sit
1181 2330 1210 2392 il·

335 2434 503 2510 limitatus,
535 2440 567 2494 et
599 2450 659 2513 per
690 2434 862 2495 essentiam
885 2451 979 2496 suam
998 2434 1210 2518 undequaque

332 2540 518 2620 perlectus,
551 2546 582 2614 et
617 2557 715 2621 supra
739 2541 842 2603 omnia
864 2543 976 2603 orento¹
999 2536 1131 2606 infinite
1155 2539 1209 2604 ele·

330 2650 444 2723 vatus,
467 2644 512 2706 ita
536 2649 569 2706 ut
593 2663 612 2706 a
635 2643 723 2708 nulla
744 2664 781 2707 re
803 2645 913 2728 ereata
936 2642 1024 2707 affini
1048 2646 1108 2710 vel
1133 2641 1209 2727 tongi

331 2756 435 2829 queat

373 2852 401 2914 2.
425 2853 564 2933 simplem
585 2850 719 2932 dieitur,
752 2867 815 2913 non
850 2851 954 2940 solum
985 2852 1065 2933 quie
1088 2861 1142 2917 est
1163 2871 1210 2918 ex·

331 2975 409 3035 pers
434 2956 537 3017 omnis
557 2954 818 3036 compositionis,
855 2954 914 3018 sed
946 2955 1044 3019 etiam
1068 2947 1211 3037 quinem

329 3058 450 3122 infinite
474 3057 584 3141 purus,
608 3060 754 3141 subtilis,
778 3078 817 3122 ao
838 3057 1035 3141 spiritualis,
1060 3070 1096 3127 et
1120 3079 1210 3144 supra

330 3164 434 3226 omnia
466 3161 651 3245 eorporalla
687 3170 720 3224 et
753 3160 934 3244 spiritualia
972 3181 1034 3225 sua
1077 3159 1210 3248 puritate

329 3267 449 3332 infinite
472 3268 628 3330 elevatus.
675 3264 744 3341 Quo
768 3266 850 3329 enim
870 3286 924 3329 res
945 3253 1060 3347 ¹aliqua
1084 3278 1140 3333 est
1162 3288 1211 3353 pu·

330 3372 399 3435 rior
421 3377 463 3441 et,
481 3365 647 3449 subtilior,
671 3386 711 3431 eo
733 3376 787 3451 ost
806 3370 1000 3462 simplicior.
1049 3371 1149 3439 Unde
1170 3383 1212 3436 et·

330 3475 358 3538 si
388 3475 554 3540 elementa,
579 3473 815 3555 sintexpertia
837 3474 941 3540 omnis
963 3476 1212 3560 compositionis
