2817 4317
521 812 640 870 CAPUT
659 807 861 867 SECUNDUM.

251 944 305 1005 De
328 943 506 1007 ullomodo
530 943 677 1019 unionis,
707 964 770 1022 quo
792 941 885 1003 Deus
913 941 948 1002 in
979 939 1042 1003 lino
1063 942 1132 1003 etilo

248 1046 410 1111 mentibus
443 1070 520 1111 erere
554 1044 875 1131 contemplativorum
913 1044 1132 1133 eonjunqitnr.

584 1178 689 1234 Ibidem
708 1196 752 1235 uu.
771 1183 797 1236 7.

293 1307 429 1372 Praeter
463 1315 532 1372 tres
567 1310 696 1393 priores
743 1307 858 1372 modos
896 1310 1010 1391 quibus
1045 1309 1134 1374 Dens

246 1415 407 1477 mentibus
430 1412 595 1495 justornm
619 1413 757 1478 omnium
780 1413 813 1476 in
835 1413 899 1478 ban
917 1414 983 1476 vita
999 1412 1134 1498 oonjuu·

246 1516 353 1599 gitur,
393 1516 477 1581 alius
509 1524 560 1581 est
583 1517 682 1580 multo
705 1514 875 1580 sublimior
896 1536 956 1599 per
979 1517 1136 1581 transtor-

246 1620 420 1686 mationem
452 1624 482 1683 in
505 1630 650 1684 nostrum
672 1619 883 1702 prinoipium,
916 1629 949 1684 et
970 1622 1138 1685 transitum

246 1725 280 1789 in
319 1724 424 1789 ideam
461 1746 479 1787 a
516 1744 580 1807 qua
621 1725 844 1808 produximus.
896 1724 1021 1789 Dooent
1054 1726 1138 1790 enim

247 1829 378 1911 quidam
413 1829 664 1912 contemplativi,
690 1829 920 1894 beatitudinem
943 1838 1084 1892 nostram
1106 1829 1138 1892 in

246 1952 290 1997 eo
319 1933 517 2009 consistere,
553 1940 587 1997 ut
612 1934 671 1995 toti
693 1952 714 1995 a
737 1933 832 1998 nobis
866 1939 899 1995 et
921 1933 962 1995 ab
985 1951 1060 1995 esse
1081 1950 1140 1995 no·
1255 1966 1257 1975 ·

245 2043 318 2100 stro
351 2045 461 2100 oreato
483 2035 689 2118 defioiamus,
728 2043 761 2101 et
784 2045 986 2101 transeamus
1018 2035 1049 2098 in
1080 2054 1139 2100 no·

245 2148 352 2205 strum
382 2160 457 2204 esse
481 2141 659 2206 inoreatnm
683 2148 718 2204 et
740 2139 1030 2223 superessentiale,
1054 2139 1141 2221 quod

248 2246 284 2309 in
312 2251 424 2309 nostra
446 2245 521 2309 idea
543 2245 713 2311 babuimus
736 2248 777 2310 ab
799 2252 950 2326 aetern03
975 2243 1028 2308 ubi
1044 2263 1139 2308 unum

250 2368 363 2414 sumus
387 2366 458 2411 oum
482 2349 569 2431 Deo,
594 2369 655 2414 una
680 2350 844 2429 essentia,
878 2368 941 2412 una
963 2348 1047 2430 vita,
1077 2367 1141 2413 nna

254 2452 321 2532 lux,
344 2471 408 2517 uua
430 2453 608 2535 beatitudo,
635 2474 718 2519 unus
742 2454 886 2536 spiritus.

298 2555 388 2632 Quae
404 2557 564 2621 sententia
579 2557 751 2641 duplioiter
770 2558 906 2640 intelligi
922 2564 1040 2640 potest.
1073 2556 1141 2622 Pri·

249 2678 322 2742 nw,
350 2669 385 2723 nt
416 2660 593 2725 seeundum
627 2681 694 2726 rem
728 2661 858 2725 desinat
891 2668 1034 2725 nostrum
1066 2680 1141 2725 esse

251 2771 400 2829 ereetum
441 2773 475 2829 et
514 2772 722 2829 eonvertatur
757 2767 790 2828 in
832 2782 908 2828 esse
948 2763 1142 2830 increatum:

250 2888 338 2952 quae
366 2871 425 2934 fnit
456 2870 602 2933 haeresis
637 2870 836 2952 quorundum
877 2876 1023 2949 tempore
1064 2887 1140 2932 san·

250 2974 389 3038 otissimi
423 2981 455 3037 et
487 2973 685 3038 admirabilis
721 2973 781 3036 viri
822 2971 960 3036 loannis
994 2971 1140 3036 Rusbrn·

251 3078 334 3158 obii,
367 3078 421 3159 qni
449 3073 559 3140 floruit
591 3077 677 3142 oiroa
710 3095 825 3139 annum
853 3073 980 3138 Domini
1003 3069 1140 3140 ΜᾸΟΟΟ.

248 3182 354 3250 LXX.
378 3180 504 3245 Gerson
536 3181 684 3264 impingit
713 3199 782 3244 eam
816 3179 883 3261 ipsi
915 3178 1140 3261 Rusbroohi03

250 3288 315 3355 sed
362 3286 537 3349 immerito:
583 3291 617 3347 ut
663 3285 745 3347 bene
785 3281 928 3345 ostendit
967 3281 1141 3365 Dionysius

251 3391 488 3459 Garthusiauns
531 3389 584 3453 lib.
615 3386 645 3452 3.
688 3388 737 3451 De
778 3386 951 3468 nontempl.
988 3404 1062 3470 oap.
1092 3387 1142 3451 ul·

251 3499 353 3578 timo;
387 3503 420 3559 et
453 3494 526 3576 ipse
554 3491 775 3558 Rusbroobins
806 3510 877 3555 eam
900 3498 1060 3633 tamquam
1083 3492 1142 3556 im·
1209 3484 1213 3488 ⁴

883 3592 904 3660 9
