2817 4317
1050 546 1093 612 '13

258 734 367 800 Porro
390 750 431 797 eo
444 731 559 817 major
581 740 632 797 est
654 732 788 817 injuria,
823 754 887 817 quo
916 736 1021 821 major
1043 744 1096 801 est

209 838 366 923 majestas
405 844 437 901 et
471 838 617 920 potentia
647 846 682 902 et
714 840 897 923 praeseutia
927 840 1019 924 ejus,
1060 841 1093 904 iu

211 962 308 1027 quem
331 942 516 1023 comittitur,
535 948 568 1006 et
590 960 653 1024 quo
672 942 831 1009 beuefioia
848 943 920 1028 ejus
940 952 1013 1009 suut
1026 964 1094 1009 ma-

207 1047 296 1131 jora.
342 1045 456 1129 ltaque
488 1065 560 1111 uum
593 1046 747 1132 majestas
779 1045 839 1111 Dei
870 1046 1007 1131 ejusque
1034 1066 1097 1131 po·

212 1152 316 1216 tentia
340 1152 383 1216 sit
402 1151 539 1230 infinita,
572 1159 606 1215 et
634 1150 792 1216 beuefioia
821 1148 965 1215 infinitae
999 1151 1097 1216 uesti-

211 1252 381 1335 nationis,
413 1261 447 1319 et
478 1255 583 1319 omuiu
610 1255 643 1318 iu
672 1255 795 1321 iufiuite
833 1256 905 1321 l'uue
938 1275 1095 1339 praeseu-
1188 1337 1190 1342 ι

213 1361 277 1426 tiae
301 1358 376 1442 ejus
399 1365 573 1442 gerantur:
591 1360 797 1445 perspiooum
821 1368 888 1442 est,
912 1360 991 1425 istus
1015 1378 1095 1443 quo-

213 1484 277 1549 que
295 1464 431 1546 iujurias
449 1460 603 1526 infinitum
618 1465 777 1545 quandum
794 1465 931 1550 iujuriae
946 1463 1097 1529 malitiam

212 1569 397 1647 continere,
426 1575 459 1630 et
481 1567 665 1650 patientiam
687 1568 765 1653 Dei,
800 1587 862 1652 quo
883 1569 947 1634 ista
969 1569 1099 1650 tulerat,

212 1673 371 1739 infinitum
384 1689 477 1736 osee.

261 1780 293 1844 2.
317 1778 444 1843 Patiens
467 1775 599 1858 dieitur,
629 1777 789 1858 quianon
818 1776 922 1840 sulum
944 1776 1011 1859 bis,
1043 1784 1102 1859 ter,

215 1891 347 1967 quater,
373 1881 559 1964 quinquies,
588 1881 697 1945 decies
720 1882 803 1945 bueo
831 1881 938 1945 omnia
971 1882 1100 1964 tolerat,

220 1986 398 2053 virbiotam
420 1985 577 2051 oobibeus
607 1982 713 2067 (quod
736 1985 840 2049 nullus
856 1984 1013 2069 princeps
1036 1992 1103 2049 ter·

215 2112 313 2159 renuo
336 2100 369 2157 et
390 2090 536 2156 mortalis
554 2087 718 2172 faceret);
742 2089 949 2168 sodomum,
972 2089 1100 2174 millies,

214 2197 329 2265 deoies
351 2195 485 2275 millies,
508 2187 633 2260 uenties'
652 2194 784 2259 millies:
807 2194 895 2278 quud
915 2195 1021 2260 omnia
1043 2216 1098 2261 su-

212 2309 310 2387 peret
341 2300 507 2383 exempla,
538 2308 571 2364 et
593 2317 717 2364 omnem
740 2300 899 2365 rationem
929 2301 1100 2369 humanam

210 2416 245 2473 et
267 2405 461 2487 augelioam.
558 2465 561 2470 ,
961 2431 964 2436 >

253 2512 371 2593 Neque
399 2508 503 2573 solum
530 2506 603 2590 ipse
634 2525 762 2570 manum
785 2506 944 2572 vindicem
968 2509 1098 2577 cohibet

211 2635 322 2697 suum3
356 2614 417 2678 sed
448 2624 481 2678 et
509 2613 573 2675 vim
606 2612 786 2693 augelioom
829 2618 863 2674 et
893 2611 1096 2699 diabolinum,

212 2725 361 2802 peretum
384 2716 534 2799 abripere
566 2721 759 2797 peccatores
796 2719 828 2777 et
851 2713 1041 2801 demergere
1062 2722 1094 2785 iu

210 2821 407 2905 profundum
429 2820 555 2898 inferni,
576 2820 716 2901 benigue
735 2822 881 2884 coercet:
909 2829 943 2885 ut
965 2832 1094 2891 constat

212 2947 254 2992 ex
277 2926 437 3009 parabola
465 2924 580 2989 Mutth.
611 2922 662 2989 13.
688 2923 743 2988 ubi
772 2924 877 2988 servis
908 2926 1093 2993 volentibus

211 3032 371 3114 oolligere
395 3029 523 3095 zizanio
552 3027 670 3109 vetuit,
692 3047 734 3091 ue
757 3027 845 3091 forte
868 3030 961 3095 simul
984 3033 1093 3097 eradi·

212 3145 346 3203 oaretur
367 3143 402 3203 et
421 3137 578 3217 triticum,
604 3142 638 3198 et
660 3120 762 3197 voluit
784 3140 921 3215 utraque
944 3135 1091 3202 sineren-

211 3250 266 3309 tur
287 3259 440 3307 oresoere
461 3258 566 3322 usque
587 3238 629 3327 ud
653 3256 805 3316 messem,
832 3236 866 3301 id
888 3246 958 3321 est,
988 3245 1094 3324 usque

210 3348 255 3415 ad
280 3346 364 3412 diem
386 3344 509 3429 judieii.

256 3448 289 3515 3.
320 3448 395 3516 Nou
425 3449 530 3514 solum
552 3449 635 3513 bueo
663 3448 770 3513 omnia
801 3446 935 3529 toleret,
966 3457 1000 3514 et
1021 3450 1092 3515 viu·
