<?xml version="1.0" encoding="UTF-8"?>
<!DOCTYPE html PUBLIC "-//W3C//DTD XHTML 1.0 Transitional//EN"
    "http://www.w3.org/TR/xhtml1/DTD/xhtml1-transitional.dtd">
<html xmlns="http://www.w3.org/1999/xhtml" xml:lang="en" lang="en">
 <head>
  <title>
</title>
<meta http-equiv="Content-Type" content="text/html;charset=utf-8" />
  <meta name='ocr-system' content='tesseract 3.04.00' />
  <meta name='ocr-capabilities' content='ocr_page ocr_carea ocr_par ocr_line ocrx_word'/>
</head>
<body>
  <div class='ocr_page' id='page_1' title='image "./leonardilessiio00lessgoog_0239.png"; bbox 0 0 2817 4317; ppageno 0'>
   <div class='ocr_carea' id='block_1_1' title="bbox 325 537 439 606">
    <p class='ocr_par' dir='ltr' id='par_1_1' title="bbox 325 537 439 606">
     <span class='ocr_line' id='line_1_1' title="bbox 325 537 439 606; baseline 0.018 -2"><span class='ocrx_word' id='word_1_1' title='bbox 325 539 390 606; x_wconf 83' lang='lat'>238</span> <span class='ocrx_word' id='word_1_2' title='bbox 436 537 439 544; x_wconf 80' lang='grc'><strong>’</strong></span> 
     </span>
    </p>
   </div>
   <div class='ocr_carea' id='block_1_2' title="bbox 321 724 1247 3318">
    <p class='ocr_par' dir='ltr' id='par_1_2' title="bbox 324 724 1205 1019">
     <span class='ocr_line' id='line_1_2' title="bbox 326 724 1203 808; baseline -0.003 -15"><span class='ocrx_word' id='word_1_3' title='bbox 326 728 385 794; x_wconf 82' lang='lat' dir='ltr'>ned</span> <span class='ocrx_word' id='word_1_4' title='bbox 409 729 512 792; x_wconf 83' lang='lat' dir='ltr'>solum</span> <span class='ocrx_word' id='word_1_5' title='bbox 538 724 715 791; x_wconf 86' lang='lat' dir='ltr'>secundum</span> <span class='ocrx_word' id='word_1_6' title='bbox 739 724 831 807; x_wconf 89' lang='lat' dir='ltr'>quid:</span> <span class='ocrx_word' id='word_1_7' title='bbox 853 743 973 806; x_wconf 87' lang='lat' dir='ltr'>nempe</span> <span class='ocrx_word' id='word_1_8' title='bbox 997 728 1113 808; x_wconf 80' lang='lat' dir='ltr'>quoad</span> <span class='ocrx_word' id='word_1_9' title='bbox 1136 729 1203 791; x_wconf 93' lang='lat' dir='ltr'>mul·</span> 
     </span>
     <span class='ocr_line' id='line_1_3' title="bbox 325 832 1205 916; baseline 0.005 -19"><span class='ocrx_word' id='word_1_10' title='bbox 325 833 491 897; x_wconf 85' lang='lat' dir='ltr'>titudinem</span> <span class='ocrx_word' id='word_1_11' title='bbox 521 832 742 915; x_wconf 85' lang='lat' dir='ltr'>objectorum,</span> <span class='ocrx_word' id='word_1_12' title='bbox 782 853 844 899; x_wconf 92' lang='lat' dir='ltr'>uon</span> <span class='ocrx_word' id='word_1_13' title='bbox 884 833 994 916; x_wconf 86' lang='lat' dir='ltr'>quoad</span> <span class='ocrx_word' id='word_1_14' title='bbox 1030 836 1205 902; x_wconf 75' lang='lat' dir='ltr'><strong>claritatem</strong></span> 
     </span>
     <span class='ocr_line' id='line_1_4' title="bbox 324 936 838 1019; baseline 0.002 -17"><span class='ocrx_word' id='word_1_15' title='bbox 324 943 358 1002; x_wconf 91' lang='lat' dir='ltr'>et</span> <span class='ocrx_word' id='word_1_16' title='bbox 381 936 610 1019; x_wconf 78' lang='lat' dir='ltr'>perfectionem</span> <span class='ocrx_word' id='word_1_17' title='bbox 634 937 838 1019; x_wconf 75' lang='lat' dir='ltr'>cognitionis.</span> 
     </span>
    </p>

    <p class='ocr_par' dir='ltr' id='par_1_3' title="bbox 323 1040 1211 1749">
     <span class='ocr_line' id='line_1_5' title="bbox 368 1040 1209 1128; baseline 0.01 -24"><span class='ocrx_word' id='word_1_18' title='bbox 368 1040 491 1106; x_wconf 78' lang='lat' dir='ltr'>Dicitur</span> <span class='ocrx_word' id='word_1_19' title='bbox 509 1042 605 1106; x_wconf 84' lang='lat' dir='ltr'>etiam</span> <span class='ocrx_word' id='word_1_20' title='bbox 627 1043 946 1124; x_wconf 73' lang='lat' dir='ltr'>incomprehensibilis</span> <span class='ocrx_word' id='word_1_21' title='bbox 961 1048 1135 1128; x_wconf 81' lang='lat' dir='ltr'>intellectu,</span> <span class='ocrx_word' id='word_1_22' title='bbox 1154 1047 1209 1111; x_wconf 80' lang='lat' dir='ltr'>atta</span> 
     </span>
     <span class='ocr_line' id='line_1_6' title="bbox 325 1145 1209 1227; baseline 0.009 -19"><span class='ocrx_word' id='word_1_23' title='bbox 325 1145 472 1209; x_wconf 86' lang='lat' dir='ltr'>ratione:</span> <span class='ocrx_word' id='word_1_24' title='bbox 495 1146 655 1227; x_wconf 87' lang='lat' dir='ltr'>nimirum,</span> <span class='ocrx_word' id='word_1_25' title='bbox 679 1148 754 1227; x_wconf 85' lang='lat' dir='ltr'>quia</span> <span class='ocrx_word' id='word_1_26' title='bbox 777 1148 885 1212; x_wconf 87' lang='lat' dir='ltr'>nullus</span> <span class='ocrx_word' id='word_1_27' title='bbox 908 1149 1100 1217; x_wconf 88' lang='lat' dir='ltr'>intellectus</span> <span class='ocrx_word' id='word_1_28' title='bbox 1125 1170 1209 1217; x_wconf 84' lang='lat' dir='ltr'>cren·</span> 
     </span>
     <span class='ocr_line' id='line_1_7' title="bbox 324 1249 1211 1334; baseline 0.007 -21"><span class='ocrx_word' id='word_1_29' title='bbox 324 1256 375 1315; x_wconf 82' lang='lat' dir='ltr'>tus</span> <span class='ocrx_word' id='word_1_30' title='bbox 390 1249 601 1332; x_wconf 78' lang='lat' dir='ltr'>¹quantumvis</span> <span class='ocrx_word' id='word_1_31' title='bbox 623 1251 781 1333; x_wconf 89' lang='lat' dir='ltr'>sublimis,</span> <span class='ocrx_word' id='word_1_32' title='bbox 804 1258 915 1334; x_wconf 89' lang='lat' dir='ltr'>potest</span> <span class='ocrx_word' id='word_1_33' title='bbox 932 1251 1063 1319; x_wconf 88' lang='lat' dir='ltr'>viribus</span> <span class='ocrx_word' id='word_1_34' title='bbox 1081 1264 1211 1321; x_wconf 81' lang='lat' dir='ltr'>naturae</span> 
     </span>
     <span class='ocr_line' id='line_1_8' title="bbox 324 1354 1211 1437; baseline 0.007 -20"><span class='ocrx_word' id='word_1_35' title='bbox 324 1354 411 1418; x_wconf 85' lang='lat' dir='ltr'>ilium</span> <span class='ocrx_word' id='word_1_36' title='bbox 434 1355 613 1437; x_wconf 81' lang='lat' dir='ltr'>attingere,</span> <span class='ocrx_word' id='word_1_37' title='bbox 643 1355 687 1417; x_wconf 84' lang='lat' dir='ltr'>ita</span> <span class='ocrx_word' id='word_1_38' title='bbox 716 1364 750 1418; x_wconf 87' lang='lat' dir='ltr'>ut</span> <span class='ocrx_word' id='word_1_39' title='bbox 782 1354 870 1419; x_wconf 89' lang='lat' dir='ltr'>illum</span> <span class='ocrx_word' id='word_1_40' title='bbox 901 1355 990 1422; x_wconf 82' lang='lat' dir='ltr'>clare</span> <span class='ocrx_word' id='word_1_41' title='bbox 1022 1359 1143 1425; x_wconf 85' lang='lat' dir='ltr'>videat</span> <span class='ocrx_word' id='word_1_42' title='bbox 1165 1368 1211 1424; x_wconf 83' lang='lat' dir='ltr'>aut</span> 
     </span>
     <span class='ocr_line' id='line_1_9' title="bbox 323 1458 1211 1550; baseline 0.007 -28"><span class='ocrx_word' id='word_1_43' title='bbox 323 1465 513 1548; x_wconf 76' lang='lat' dir='ltr'>cognoscet,</span> <span class='ocrx_word' id='word_1_44' title='bbox 534 1459 616 1523; x_wconf 86' lang='lat' dir='ltr'>sicut</span> <span class='ocrx_word' id='word_1_45' title='bbox 628 1459 661 1521; x_wconf 93' lang='lat' dir='ltr'>in</span> <span class='ocrx_word' id='word_1_46' title='bbox 676 1477 714 1522; x_wconf 86' lang='lat' dir='ltr'>se</span> <span class='ocrx_word' id='word_1_47' title='bbox 730 1465 782 1523; x_wconf 90' lang='lat' dir='ltr'>est</span> <span class='ocrx_word' id='word_1_48' title='bbox 788 1480 798 1541; x_wconf 82' lang='lat'>3</span> <span class='ocrx_word' id='word_1_49' title='bbox 820 1458 880 1523; x_wconf 90' lang='lat' dir='ltr'>sed</span> <span class='ocrx_word' id='word_1_50' title='bbox 899 1464 1115 1542; x_wconf 88' lang='lat' dir='ltr'>quantumvis</span> <span class='ocrx_word' id='word_1_51' title='bbox 1132 1484 1211 1550; x_wconf 91' lang='lat' dir='ltr'>men·</span> 
     </span>
     <span class='ocr_line' id='line_1_10' title="bbox 324 1562 1210 1645; baseline 0.012 -21"><span class='ocrx_word' id='word_1_52' title='bbox 324 1570 356 1626; x_wconf 89' lang='lat' dir='ltr'>te</span> <span class='ocrx_word' id='word_1_53' title='bbox 387 1562 544 1628; x_wconf 86' lang='lat' dir='ltr'>escendat</span> <span class='ocrx_word' id='word_1_54' title='bbox 564 1563 594 1625; x_wconf 93' lang='lat' dir='ltr'>in</span> <span class='ocrx_word' id='word_1_55' title='bbox 614 1562 722 1642; x_wconf 84' lang='lat' dir='ltr'>altum,</span> <span class='ocrx_word' id='word_1_56' title='bbox 744 1582 874 1645; x_wconf 84' lang='lat' dir='ltr'>semper</span> <span class='ocrx_word' id='word_1_57' title='bbox 896 1563 1020 1634; x_wconf 82' lang='lat' dir='ltr'>infinite</span> <span class='ocrx_word' id='word_1_58' title='bbox 1044 1569 1158 1634; x_wconf 85' lang='lat' dir='ltr'>aberit</span> <span class='ocrx_word' id='word_1_59' title='bbox 1177 1571 1210 1633; x_wconf 82' lang='lat' dir='ltr'>ei</span> 
     </span>
     <span class='ocr_line' id='line_1_11' title="bbox 324 1665 987 1749; baseline 0.003 -20"><span class='ocrx_word' id='word_1_60' title='bbox 324 1665 395 1749; x_wconf 83' lang='lat' dir='ltr'>ejus</span> <span class='ocrx_word' id='word_1_61' title='bbox 419 1665 507 1729; x_wconf 84' lang='lat' dir='ltr'>clare</span> <span class='ocrx_word' id='word_1_62' title='bbox 530 1665 724 1748; x_wconf 83' lang='lat' dir='ltr'>cognitione.</span> <span class='ocrx_word' id='word_1_63' title='bbox 769 1732 772 1736; x_wconf 77' lang='grc'>,</span> <span class='ocrx_word' id='word_1_64' title='bbox 985 1670 987 1680; x_wconf 83' lang='lat'>‘</span> 
     </span>
    </p>

    <p class='ocr_par' dir='ltr' id='par_1_4' title="bbox 323 1760 1247 2480">
     <span class='ocr_line' id='line_1_12' title="bbox 366 1760 1247 1858; baseline 0.011 -26"><span class='ocrx_word' id='word_1_65' title='bbox 366 1770 396 1832; x_wconf 84' lang='lat'>2.</span> <span class='ocrx_word' id='word_1_66' title='bbox 419 1768 480 1833; x_wconf 83' lang='lat' dir='ltr'>Est</span> <span class='ocrx_word' id='word_1_67' title='bbox 510 1771 829 1850; x_wconf 71' lang='lat' dir='ltr'>incomprehensibilis</span> <span class='ocrx_word' id='word_1_68' title='bbox 864 1770 992 1858; x_wconf 72' lang='lat' dir='ltr'>affectu:</span> <span class='ocrx_word' id='word_1_69' title='bbox 1027 1766 1108 1857; x_wconf 75' lang='lat' dir='ltr'>quie</span> <span class='ocrx_word' id='word_1_70' title='bbox 1133 1778 1210 1842; x_wconf 88' lang='lat' dir='ltr'>nulle</span> <span class='ocrx_word' id='word_1_71' title='bbox 1246 1760 1247 1813; x_wconf 36' lang='grc' dir='ltr'><strong><em>Ψ</em></strong></span> 
     </span>
     <span class='ocr_line' id='line_1_13' title="bbox 324 1867 1210 1961; baseline 0.01 -24"><span class='ocrx_word' id='word_1_72' title='bbox 324 1894 414 1937; x_wconf 87' lang='lat' dir='ltr'>mens</span> <span class='ocrx_word' id='word_1_73' title='bbox 439 1882 549 1939; x_wconf 84' lang='lat' dir='ltr'>create</span> <span class='ocrx_word' id='word_1_74' title='bbox 573 1867 682 1956; x_wconf 87' lang='lat' dir='ltr'>potest</span> <span class='ocrx_word' id='word_1_75' title='bbox 702 1873 789 1938; x_wconf 84' lang='lat' dir='ltr'>iilum</span> <span class='ocrx_word' id='word_1_76' title='bbox 812 1896 931 1955; x_wconf 78' lang='lat' dir='ltr'>amare,</span> <span class='ocrx_word' id='word_1_77' title='bbox 955 1877 1140 1961; x_wconf 82' lang='lat' dir='ltr'>honorare,</span> <span class='ocrx_word' id='word_1_78' title='bbox 1163 1879 1210 1946; x_wconf 78' lang='lat' dir='ltr'>&#39;ae-</span> 
     </span>
     <span class='ocr_line' id='line_1_14' title="bbox 325 1966 1210 2064; baseline 0.008 -22"><span class='ocrx_word' id='word_1_79' title='bbox 325 1980 467 2059; x_wconf 82' lang='lat' dir='ltr'>stimere,</span> <span class='ocrx_word' id='word_1_80' title='bbox 490 1978 634 2059; x_wconf 82' lang='lat' dir='ltr'>laudere,</span> <span class='ocrx_word' id='word_1_81' title='bbox 656 1979 814 2060; x_wconf 87' lang='lat' dir='ltr'>revereri,</span> <span class='ocrx_word' id='word_1_82' title='bbox 834 1966 993 2060; x_wconf 36' lang='lat' dir='ltr'>qnantum*</span> <span class='ocrx_word' id='word_1_83' title='bbox 1006 1982 1136 2064; x_wconf 83' lang='lat' dir='ltr'>dignus</span> <span class='ocrx_word' id='word_1_84' title='bbox 1158 1995 1210 2049; x_wconf 84' lang='lat' dir='ltr'>est</span> 
     </span>
     <span class='ocr_line' id='line_1_15' title="bbox 324 2071 1210 2167; baseline 0.007 -18"><span class='ocrx_word' id='word_1_85' title='bbox 324 2084 393 2149; x_wconf 88' lang='lat' dir='ltr'>Sed</span> <span class='ocrx_word' id='word_1_86' title='bbox 418 2087 490 2167; x_wconf 87' lang='lat' dir='ltr'>ipse</span> <span class='ocrx_word' id='word_1_87' title='bbox 514 2102 639 2149; x_wconf 91' lang='lat' dir='ltr'>omnem</span> <span class='ocrx_word' id='word_1_88' title='bbox 661 2102 820 2162; x_wconf 85' lang='lat' dir='ltr'>emerem,</span> <span class='ocrx_word' id='word_1_89' title='bbox 854 2086 1023 2165; x_wconf 89' lang='lat' dir='ltr'>honorem,</span> <span class='ocrx_word' id='word_1_90' title='bbox 1058 2071 1210 2154; x_wconf 77' lang='lat' dir='ltr'>aestima·</span> 
     </span>
     <span class='ocr_line' id='line_1_16' title="bbox 324 2189 1209 2273; baseline 0.007 -22"><span class='ocrx_word' id='word_1_91' title='bbox 324 2190 459 2265; x_wconf 85' lang='lat' dir='ltr'>tiouem‚</span> <span class='ocrx_word' id='word_1_92' title='bbox 482 2189 626 2269; x_wconf 88' lang='lat' dir='ltr'>laudem,</span> <span class='ocrx_word' id='word_1_93' title='bbox 659 2189 875 2252; x_wconf 86' lang='lat' dir='ltr'>reverentiam</span> <span class='ocrx_word' id='word_1_94' title='bbox 899 2189 1001 2262; x_wconf 83' lang='lat' dir='ltr'>omnin</span> <span class='ocrx_word' id='word_1_95' title='bbox 1026 2201 1209 2273; x_wconf 76' lang='lat' dir='ltr'>creaturae,</span> 
     </span>
     <span class='ocr_line' id='line_1_17' title="bbox 323 2292 1209 2376; baseline 0.009 -22"><span class='ocrx_word' id='word_1_96' title='bbox 323 2294 418 2357; x_wconf 85' lang='lat' dir='ltr'>etiem</span> <span class='ocrx_word' id='word_1_97' title='bbox 449 2293 586 2357; x_wconf 89' lang='lat' dir='ltr'>omnium</span> <span class='ocrx_word' id='word_1_98' title='bbox 608 2292 799 2370; x_wconf 84' lang='lat' dir='ltr'>Beatcrum,</span> <span class='ocrx_word' id='word_1_99' title='bbox 821 2292 942 2356; x_wconf 83' lang='lat' dir='ltr'>infinite</span> <span class='ocrx_word' id='word_1_100' title='bbox 966 2302 1117 2376; x_wconf 84' lang='lat' dir='ltr'>superat.</span> <span class='ocrx_word' id='word_1_101' title='bbox 1151 2296 1209 2362; x_wconf 81' lang='lat' dir='ltr'>Ec·</span> 
     </span>
     <span class='ocr_line' id='line_1_18' title="bbox 324 2397 1014 2480; baseline 0 -19"><span class='ocrx_word' id='word_1_102' title='bbox 324 2397 502 2472; x_wconf 79' lang='lat' dir='ltr'>ciesiestiui</span> <span class='ocrx_word' id='word_1_103' title='bbox 523 2397 577 2477; x_wconf 74' lang='lat'>43,</span> <span class='ocrx_word' id='word_1_104' title='bbox 599 2419 630 2461; x_wconf 90' lang='lat' dir='ltr'>v.</span> <span class='ocrx_word' id='word_1_105' title='bbox 655 2397 696 2461; x_wconf 89' lang='lat'>30</span> <span class='ocrx_word' id='word_1_106' title='bbox 720 2404 753 2460; x_wconf 92' lang='lat' dir='ltr'>et</span> <span class='ocrx_word' id='word_1_107' title='bbox 774 2399 993 2480; x_wconf 87' lang='lat' dir='ltr'>sequentibus.</span> <span class='ocrx_word' id='word_1_108' title='bbox 1011 2428 1014 2433; x_wconf 93' lang='lat'><em>·</em></span> 
     </span>
    </p>

    <p class='ocr_par' dir='ltr' id='par_1_5' title="bbox 323 2500 1210 2794">
     <span class='ocr_line' id='line_1_19' title="bbox 367 2500 1210 2585; baseline 0.001 -17"><span class='ocrx_word' id='word_1_109' title='bbox 367 2502 395 2568; x_wconf 88' lang='lat'>3.</span> <span class='ocrx_word' id='word_1_110' title='bbox 418 2500 478 2565; x_wconf 83' lang='lat' dir='ltr'>Est</span> <span class='ocrx_word' id='word_1_111' title='bbox 500 2503 817 2584; x_wconf 77' lang='lat' dir='ltr'>incompreheusibilis</span> <span class='ocrx_word' id='word_1_112' title='bbox 840 2503 926 2569; x_wconf 82' lang='lat' dir='ltr'>loco:</span> <span class='ocrx_word' id='word_1_113' title='bbox 958 2503 1034 2585; x_wconf 83' lang='lat' dir='ltr'>quie</span> <span class='ocrx_word' id='word_1_114' title='bbox 1069 2524 1147 2572; x_wconf 88' lang='lat' dir='ltr'>oum</span> <span class='ocrx_word' id='word_1_115' title='bbox 1171 2507 1210 2571; x_wconf 87' lang='lat' dir='ltr'>sit</span> 
     </span>
     <span class='ocr_line' id='line_1_20' title="bbox 323 2607 1210 2696; baseline 0.006 -25"><span class='ocrx_word' id='word_1_116' title='bbox 323 2608 514 2687; x_wconf 86' lang='lat' dir='ltr'>immensus,</span> <span class='ocrx_word' id='word_1_117' title='bbox 554 2608 640 2672; x_wconf 83' lang='lat' dir='ltr'>nullo</span> <span class='ocrx_word' id='word_1_118' title='bbox 671 2607 798 2689; x_wconf 82' lang='lat' dir='ltr'>spatio,</span> <span class='ocrx_word' id='word_1_119' title='bbox 837 2609 1043 2689; x_wconf 84' lang='lat' dir='ltr'>quantumvis</span> <span class='ocrx_word' id='word_1_120' title='bbox 1079 2631 1210 2696; x_wconf 81' lang='lat' dir='ltr'>magno,</span> 
     </span>
     <span class='ocr_line' id='line_1_21' title="bbox 323 2711 614 2794; baseline -0.014 -17"><span class='ocrx_word' id='word_1_121' title='bbox 323 2711 472 2777; x_wconf 90' lang='lat' dir='ltr'>concludi</span> <span class='ocrx_word' id='word_1_122' title='bbox 496 2718 614 2794; x_wconf 84' lang='lat' dir='ltr'>potest.</span> 
     </span>
    </p>

    <p class='ocr_par' dir='ltr' id='par_1_6' title="bbox 321 2810 1210 3318">
     <span class='ocr_line' id='line_1_22' title="bbox 364 2810 1209 2898; baseline 0.004 -16"><span class='ocrx_word' id='word_1_123' title='bbox 364 2820 395 2883; x_wconf 82' lang='grc'>4.</span> <span class='ocrx_word' id='word_1_124' title='bbox 418 2816 479 2880; x_wconf 83' lang='lat' dir='ltr'>Est</span> <span class='ocrx_word' id='word_1_125' title='bbox 500 2813 816 2895; x_wconf 76' lang='lat' dir='ltr'>incompreheusibilis</span> <span class='ocrx_word' id='word_1_126' title='bbox 839 2810 994 2895; x_wconf 80' lang='lat' dir='ltr'>tempure:</span> <span class='ocrx_word' id='word_1_127' title='bbox 1027 2812 1109 2896; x_wconf 75' lang='lat' dir='ltr'>q&#39;uia</span> <span class='ocrx_word' id='word_1_128' title='bbox 1135 2838 1209 2898; x_wconf 29' lang='lat' dir='ltr'>&#39;oum</span> 
     </span>
     <span class='ocr_line' id='line_1_23' title="bbox 321 2917 1210 3000; baseline -0.001 -13"><span class='ocrx_word' id='word_1_129' title='bbox 321 2923 364 2989; x_wconf 84' lang='lat' dir='ltr'>sit</span> <span class='ocrx_word' id='word_1_130' title='bbox 386 2917 545 3000; x_wconf 85' lang='lat' dir='ltr'>aeternus,</span> <span class='ocrx_word' id='word_1_131' title='bbox 568 2926 712 2983; x_wconf 83' lang='lat' dir='ltr'>estante</span> <span class='ocrx_word' id='word_1_132' title='bbox 737 2936 861 2981; x_wconf 90' lang='lat' dir='ltr'>omnem</span> <span class='ocrx_word' id='word_1_133' title='bbox 893 2917 1101 2986; x_wconf 82' lang='lat' dir='ltr'>durationem</span> <span class='ocrx_word' id='word_1_134' title='bbox 1134 2940 1210 2988; x_wconf 89' lang='lat' dir='ltr'>con·</span> 
     </span>
     <span class='ocr_line' id='line_1_24' title="bbox 322 3020 1210 3108; baseline 0.003 -19"><span class='ocrx_word' id='word_1_135' title='bbox 322 3023 522 3108; x_wconf 84' lang='lat' dir='ltr'>ceptibilem,</span> <span class='ocrx_word' id='word_1_136' title='bbox 551 3028 584 3086; x_wconf 90' lang='lat' dir='ltr'>et</span> <span class='ocrx_word' id='word_1_137' title='bbox 607 3022 734 3102; x_wconf 86' lang='lat' dir='ltr'>quidem</span> <span class='ocrx_word' id='word_1_138' title='bbox 756 3022 893 3087; x_wconf 84' lang='lat' dir='ltr'>saeculis</span> <span class='ocrx_word' id='word_1_139' title='bbox 916 3020 1061 3088; x_wconf 82' lang='lat' dir='ltr'>infinitis.</span> <span class='ocrx_word' id='word_1_140' title='bbox 1112 3024 1210 3092; x_wconf 87' lang='lat' dir='ltr'>Simi-</span> 
     </span>
     <span class='ocr_line' id='line_1_25' title="bbox 321 3125 1209 3212; baseline 0.005 -20"><span class='ocrx_word' id='word_1_141' title='bbox 321 3130 396 3192; x_wconf 92' lang='lat' dir='ltr'>liter</span> <span class='ocrx_word' id='word_1_142' title='bbox 419 3134 469 3190; x_wconf 88' lang='lat' dir='ltr'>est</span> <span class='ocrx_word' id='word_1_143' title='bbox 490 3133 566 3212; x_wconf 86' lang='lat' dir='ltr'>post</span> <span class='ocrx_word' id='word_1_144' title='bbox 589 3143 713 3189; x_wconf 86' lang='lat' dir='ltr'>omnem</span> <span class='ocrx_word' id='word_1_145' title='bbox 730 3125 931 3190; x_wconf 81' lang='lat' dir='ltr'>durationem</span> <span class='ocrx_word' id='word_1_146' title='bbox 955 3130 1209 3211; x_wconf 84' lang='lat' dir='ltr'>conceptibilem</span> 
     </span>
     <span class='ocr_line' id='line_1_26' title="bbox 321 3228 624 3318; baseline -0.007 -23"><span class='ocrx_word' id='word_1_147' title='bbox 321 3231 462 3318; x_wconf 64' lang='lat' dir='ltr'>saeculis</span> <span class='ocrx_word' id='word_1_148' title='bbox 484 3228 624 3293; x_wconf 89' lang='lat' dir='ltr'>infinitis.</span> 
     </span>
    </p>
   </div>
   <div class='ocr_carea' id='block_1_3' title="bbox 0 0 1414 4317">
    <p class='ocr_par' dir='ltr' id='par_1_7' title="bbox 0 0 1414 4317">
     <span class='ocr_line' id='line_1_27' title="bbox 0 0 1414 4317; baseline 0 0"><span class='ocrx_word' id='word_1_149' title='bbox 0 0 1414 4317; x_wconf 95' lang='lat' dir='ltr'> </span> 
     </span>
    </p>
   </div>
  </div>
 </body>
</html>
