2817 4317
1115 556 1187 623 177.

279 808 285 813 ,
342 743 490 809 infelices
523 761 653 827 quoque
684 744 842 829 Religiosi
865 746 927 829 illi,
963 746 1017 829 qui
1049 765 1120 813 oum
1155 770 1175 813 a

298 858 356 914 tua
378 848 583 933 providentia
606 868 642 911 se
665 850 838 931 gubernari
861 870 920 933 per
941 870 1017 917 suos
1040 850 1176 941 Superif

295 974 373 1021 ores
406 955 514 1018 sinere
549 954 723 1036 deberent,
744 974 812 1021 'sua
844 956 1015 1038 prudentia
1039 966 1072 1020 et
1097 974 1203 1023 oon-.

294 1058 369 1121 silio
392 1058 506 1121 vivere
528 1058 657 1141 volunt,
689 1044 752 1122 non
775 1078 872 1123 seous
905 1060 946 1122 de
977 1080 1014 1123 se
1046 1061 1174 1141 solioiti,

255 1200 261 1215 ·
293 1184 335 1229 ao
358 1162 386 1226 si
402 1161 518 1226 nullius
535 1179 632 1226 ennae
651 1164 832 1228 subessent.
876 1162 1076 1227 Subtrabunt
1091 1166 1173 1229 enim

244 1315 248 1324 .
293 1288 331 1331 se
363 1266 559 1331 suavissimo
591 1273 624 1330 et
652 1266 834 1332 certissimo
865 1267 911 1330 iili
946 1268 1173 1350 providentiae
1228 1324 1230 1327 .

293 1371 407 1449 ordini,
430 1389 493 1453 quo
509 1370 717 1435 securissime
731 1380 763 1436 et
785 1372 1040 1438 frontuosissime
1063 1373 1104 1437 ad
1120 1393 1173 1437 sa·

248 1537 254 1554 ,,
291 1476 391 1541 lutem
416 1476 531 1540 directi
550 1475 695 1540 fuissent
739 1473 833 1541 Varii
855 1476 940 1542 enim
962 1485 1036 1540 sunt
1057 1477 1171 1560 provi·

244 1651 247 1660 Ι
293 1579 422 1642 dentiae
437 1585 511 1642 tuae
533 1577 630 1658 modi,
653 1579 765 1643 variae
787 1580 891 1643 series
905 1581 1170 1662 gubernationum

292 1690 325 1748 et
343 1684 530 1767 gratiarum,
567 1684 682 1765 auique
714 1684 817 1767 magis
839 1685 893 1748 vel
916 1685 1018 1749 minus
1042 1705 1170 1754 aenom-

291 1786 444 1853 modatae
467 1796 499 1849 et
520 1786 691 1853 salutares.
735 1787 829 1852 Felix
850 1780 917 1869 ille,
938 1791 990 1854 oui
1006 1810 1077 1854 enm
1093 1811 1171 1875 pro·

293 1889 459 1955 videntiae
481 1890 642 1973 ordinem,
675 1911 747 1956 eam
780 1893 982 1975 gubernandi
1012 1896 1168 1961 rationem

292 1994 439 2075 adhibes,
462 2014 554 2077 quam
577 1996 663 2060 nosti
685 1996 823 2060 maxime
841 1996 1014 2061 salutarem
1028 1998 1075 2061 illi
1090 2000 1170 2081 fore,

292 2107 325 2162 et
358 2098 573 2181 copiosissimi
595 2100 729 2165 frontus.
772 2098 860 2163 Nibil
877 2100 914 2164 in
936 2100 1000 2165 buo
1021 2102 1090 2166 vita
1112 2120 1172 2186 op·

244 2195 247 2292 ff
291 2203 438 2285 tebilius‚
470 2204 550 2268 nihil
574 2204 697 2269 beatius
721 2223 815 2286 quam
837 2205 897 2268 sub
926 2204 982 2269 tali
1003 2204 1116 2270 ordine
1140 2213 1172 2271 et

244 2299 247 2340 ¹
294 2308 476 2373 direntione
500 2325 627 2373 oursum
650 2308 738 2373 vitae
760 2327 931 2392 peragere,
954 2328 995 2372 ex
1019 2328 1082 2392 qna
1106 2318 1171 2375 tam

244 2400 247 2444 '
296 2420 386 2478 oerta
408 2412 515 2496 salus,
548 2421 583 2477 et
603 2420 724 2477 tantum
753 2421 906 2477 aeternae
934 2413 1060 2495 gloriae
1084 2432 1190 2479 emo·-

244 2484 247 2546 ¹
292 2499 477 2582 Iumentum.
522 2514 569 2581 At
606 2518 724 2581 merito
759 2517 849 2581 erodi
880 2524 990 2600 potest
1018 2536 1096 2581 eam
1112 2538 1172 2602 gu·

294 2621 449 2685 bemandi
472 2622 606 2685 formam
629 2620 701 2685 viro
724 2621 881 2704 religioso
903 2620 1079 2687 saiutarem
1098 2641 1173 2687 esse

290 2745 374 2811 prae
397 2724 527 2803 ueteris,
549 2743 614 2807 qua
631 2724 718 2790 illum
736 2725 949 2809 providentia
967 2733 1020 2791 tua
1039 2745 1099 2809 per
1121 2746 1175 2792 su·

291 2830 443 2914 perieras
465 2829 551 2893 illius
574 2829 607 2892 in
628 2846 726 2901 eursu
743 2829 849 2911 vitae,
879 2830 910 2893 in
933 2828 1067 2913 officiis,
1102 2832 1175 2897 fun·

291 2934 464 3016 otionibns,
486 2932 703 3015 missionibus,
721 2934 948 3014 mansionibus,
973 2935 1098 3015 studiis,
1122 2955 1177 3002 ee·

291 3038 438 3121 terisque
459 3039 606 3103 omnibus
629 3039 760 3123 dirigit:
786 3038 927 3122 alioquin
944 3056 1001 3103 nur
1015 3040 1175 3121 pertenta,

264 3205 267 3210 .
291 3150 329 3208 et
350 3160 450 3209 eaeoa
473 3142 660 3208 obedientia
684 3151 894 3227 tantoperea
923 3141 1045 3208 sanetis
1067 3140 1173 3206 Patri·

290 3248 353 3311 bus
375 3245 588 3312 laudaretur?
611 3265 669 3311 our
690 3265 711 3309 a
733 3245 947 3310 sanctissimis
961 3244 1041 3330 viris
1064 3253 1097 3310 et
1119 3263 1189 3309 sas

288 3349 505 3435 pientissimis
528 3351 575 3416 ita
589 3351 795 3434 frequentata
814 3358 903 3415 esset
925 3358 958 3415 et
980 3348 1093 3415 uultui
1115 3366 1174 3415 our

288 3453 500 3521 seenrissima
518 3456 561 3521 ad
584 3455 720 3521 salutem
739 3455 989 3537 'praediouretur
1010 3454 1087 3519 viai
1117 3472 1175 3521 our
1214 3485 1217 3492 ·

894 3555 969 3624 giiii
