2817 4317
326 557 392 623 202

327 749 368 813 ad
393 754 575 831 magnetem
613 749 759 832 trahitur,
786 757 820 817 et
848 751 939 816 eise
962 754 1211 839 areteuonjun·

325 854 389 938 git:
421 853 466 918 ita
488 854 575 918 Deus
606 874 667 937 per
691 855 771 921 illud
803 856 910 921 lumen
933 866 1145 941 conspectus
1165 859 1211 925 int·

325 963 434 1041 petum
465 956 623 1039 quendam
658 958 809 1041 imprimit
846 959 995 1042 animae,
1042 982 1116 1045 quo
1150 963 1211 1047 ipsa

325 1062 547 1144 potentissime
575 1061 606 1125 iu
629 1061 719 1126 illum
743 1062 889 1128 trahitur.
933 1062 1032 1141 Quod
1054 1068 1144 1131 enim
1165 1069 1211 1131 im·

326 1172 423 1248 petus
446 1164 500 1228 vel
523 1164 653 1248 pondus
678 1164 710 1229 in
734 1167 944 1247 corporibus,
980 1169 1052 1235 hoe
1076 1190 1170 1237 amor
1187 1172 1210 1234 in

325 1268 501 1351 spiritibus.
545 1266 650 1333 Amor
671 1287 752 1350 ergo
776 1269 834 1333 Dei
866 1277 918 1334 est
938 1272 1080 1353 pondus
1107 1283 1140 1339 et
1163 1276 1208 1340 im·

326 1381 422 1457 petus
447 1379 481 1436 et
504 1380 627 1437 traotus
650 1380 784 1436 naturae
807 1373 944 1456 spiritali
968 1381 1210 1454 accomodatus,

323 1496 386 1560 quo
409 1477 442 1540 in
464 1475 566 1541 Deum
589 1483 750 1559 tamquam
775 1486 1103 1548 nentrum'aeternae
1128 1485 1208 1569 quie·

324 1583 365 1645 tis
388 1582 499 1645 fertur.

366 1684 455 1751 Idem
486 1685 589 1750 looum
623 1685 722 1751 habet
761 1685 791 1749 in
824 1684 972 1769 cujusvis
1004 1690 1058 1754 rei
1099 1712 1208 1759 umore.

224 1844 231 1858 .
323 1792 432 1857 Omnis
456 1791 539 1856 enim
562 1810 654 1875 amor
676 1798 729 1856 est
752 1790 879 1875 pondus
904 1791 1079 1873 quoddam
1104 1804 1139 1861 et
1163 1800 1208 1860 in·

324 1905 419 1979 petus
453 1902 487 1961 et
508 1902 631 1961 traotus
664 1895 789 1960 animae
820 1897 851 1959 in
873 1898 992 1959 bonum
1012 1896 1208 1967 adamatum:

325 2019 430 2081 neque
453 1999 567 2063 melius
592 2019 686 2082 quam
707 2022 746 2065 ex
770 2001 832 2064 hae
855 1999 1008 2081 analogia
1025 2004 1118 2071 ratio
1132 2024 1208 2072 amo·

324 2104 370 2168 ris
393 2110 504 2188 potest
539 2104 675 2187 oonoipi.
722 2104 800 2168 Cum
825 2103 907 2168 enim
936 2104 980 2168 sit
1002 2125 1063 2171 res
1089 2109 1208 2192 spirita·

321 2208 380 2290 lie,
413 2226 475 2272 non
509 2214 617 2291 potest
649 2226 667 2271 a
700 2208 793 2273 nobis
829 2208 890 2272 nisi
918 2229 957 2273 ex
988 2215 1206 2296 eorporaliuu

322 2310 473 2392 analogia
494 2311 648 2394 intelligi,
683 2311 787 2393 qualis
818 2312 871 2376 hio
894 2311 1125 2395 pulcherrima
1147 2338 1206 2384 nor·

321 2412 415 2491 nitur,
438 2411 523 2475 unde
546 2410 581 2475 S.
604 2410 808 2495 Augustinus
833 2412 886 2475 lib.
911 2414 938 2477 1.
963 2413 1007 2479 do
1026 2416 1205 2503 civitem

321 2516 372 2583 28.
418 2518 529 2582 Omnes
548 2536 598 2581 ros
621 2523 712 2599 quoti
734 2520 871 2582 looorom
893 2525 922 2583 et
949 2521 1080 2587 ordinis
1098 2525 1207 2607 propri

322 2621 435 2687 dodoni
457 2624 620 2703 appetitos.
668 2624 752 2687 Nom
773 2624 853 2687 oolot
886 2640 1014 2687 umores
1047 2644 1206 2710 corporea

319 2732 392 2791 sunt
414 2732 570 2791 momento
591 2727 771 2807 ponderum,
794 2730 859 2791 sivo
881 2728 1031 2792 deorsum
1053 2737 1206 2811 oruniluto,

319 2833 384 2895 otoo
417 2847 543 2895 seraone
572 2832 694 2895 leuitate
721 2834 870 2895 nituntur.
915 2830 967 2895 ltu
991 2836 1082 2900 onim
1106 2851 1206 2919 corna

317 2934 469 3015 pondere,
504 2936 585 2999 siout
617 2938 743 3000 unimus
765 2952 873 3000 ornoro
893 2932 1004 3016 fertur,
1027 2956 1204 3023 quocunque

246 3081 249 3088 -
316 3035 425 3119 sertor.
469 3036 560 3101 Haeo
583 3036 646 3100 ille.

361 3141 434 3205 Pari
467 3138 563 3205 modo
598 3159 689 3205 amor
715 3145 764 3203 est
789 3138 959 3221 analogum
983 3143 1107 3228 calori,
1131 3147 1202 3212 siout

322 3245 409 3310 visio
442 3253 474 3309 et
506 3245 683 3311 intellectio
715 3244 789 3309 luni.
835 3244 929 3309 Siout
956 3247 1045 3313 enim
1071 3252 1200 3317 visioni

319 3349 420 3414 omnis
436 3351 576 3415 formata
596 3348 777 3414 intellectio
801 3354 853 3414 est
874 3347 928 3411 lux
952 3353 1121 3431 quaedum
1144 3355 1199 3439 spi·

316 3452 436 3536 uitalis,
470 3454 515 3520 ita
545 3472 635 3520 amor
664 3460 716 3520 est
739 3453 829 3520 oelor
852 3452 1029 3550 spiritalis:
1063 3466 1099 3526 et
1128 3461 1198 3528 sieut
