2817 4317
1097 547 1137 618 61

262 752 327 810 tem
358 743 403 809 tui
436 743 582 809 omnibns
618 742 726 807 mnndi
762 739 903 823 imperiis
937 745 1145 824 anteponere,

268 850 416 915 omnibus
450 847 662 932 dignitatibus
693 855 726 912 et
756 846 929 911 honoribus
965 845 1143 928 praeferre.

264 954 355 1021 liaeo
378 953 422 1019 sit
444 952 551 1037 gloria
573 972 663 1032 mea,
695 953 778 1016 liaeo
800 950 969 1014 eminentia
989 958 1022 1014 et
1043 949 1144 1014 sabli-

262 1059 377 1137 mitas,
398 1056 481 1122 huso
503 1057 605 1121 omnis
630 1055 796 1139 dignitatis
819 1054 929 1119 titulus
952 1062 986 1118 et
1006 1055 1142 1137 insigne.

265 1160 455 1227 Glorientur
473 1162 529 1226 alii
564 1161 606 1227 do
630 1162 739 1245 regnis
768 1168 801 1224 et
822 1159 1071 1243 principalibus,
1102 1159 1143 1223 de

262 1263 434 1331 nobilitate
466 1275 500 1331 st
529 1266 659 1349 opibus,
692 1265 896 1348 eaeterisque
927 1262 1023 1347 hujus
1054 1265 1142 1328 vitae

263 1367 479 1435 exoellsntiis:
502 1390 573 1436 mea
595 1370 701 1455 gloria
724 1371 767 1435 sit
796 1389 872 1434 esse
893 1388 1023 1434 servum
1046 1374 1143 1449 tuum,

262 1481 297 1539 st
318 1474 426 1539 omnia
447 1494 519 1539 mea
543 1494 618 1540 esse
649 1473 779 1541 addiota
811 1482 844 1539 et
867 1474 1047 1557 mancipata
1076 1471 1144 1552 tibi,

263 1586 298 1643 et
333 1595 445 1645 omnes
480 1599 570 1645 meas
608 1578 841 1663 oogitationes‚
884 1596 994 1645 omnes
1034 1597 1141 1659 ouras,

260 1703 375 1750 omnes
407 1691 559 1768 uenatus,
589 1685 696 1750 omnia
723 1683 831 1749 studia
863 1685 988 1749 servire
1016 1683 1142 1766 gloriae

260 1799 346 1857 tuae.
384 1819 387 1823 ·
435 1801 438 1806 '

396 2021 399 2030 Ι
546 1930 805 1993 CONSlDllRATIO
823 1931 863 1993 ΠΙ.

510 2070 557 2136 lle
578 2070 643 2138 uuo
668 2072 888 2138 &donatura

307 2208 504 2275 Gudummor
536 2208 668 2294 dieitur,
709 2210 737 2277 1.
774 2211 848 2295 quia
890 2208 1038 2275 mundum
1076 2207 1141 2292 jam

261 2312 427 2379 eonditum
461 2332 531 2379 oum
564 2316 712 2380 omnibus
754 2336 859 2380 rernm
895 2313 1017 2379 naturis
1059 2332 1141 2396 qnae

264 2417 383 2483 mundo
406 2418 617 2499 eontinentur,
640 2430 833 2499 conservat,
856 2428 890 2485 ot
911 2427 1018 2484 movet
1043 2418 1142 2500 regit·

266 2542 330 2607 qne
352 2522 458 2587 onmia
478 2532 699 2609 oongrueoter
724 2532 858 2590 naturae
881 2524 1055 2607 (injustum,
1078 2522 1144 2586 sin·

263 2627 406 2713 galaad
429 2630 580 2713 proprias
603 2630 788 2696 lunationes
821 2629 978 2711 dirigens,
1012 2635 1044 2692 et
1076 2626 1143 2690 sin·

263 2731 350 2816 gulis
381 2749 583 2817 deonerans,
624 2753 732 2799 rorum
761 2733 945 2799 inferiorum
976 2741 1080 2798 ortum
1111 2736 1144 2796 et

262 2836 425 2903 interitum
447 2836 528 2902 miro
551 2836 648 2903 modo
669 2858 730 2924 per
752 2857 923 2921 corporum
955 2836 1142 2902 coelestium

263 2948 370 3008 motus
393 2941 562 3026 aptissima
583 2941 808 3008 uicissitudine
827 2942 1027 3008 oontinuans.

307 3048 340 3113 2
361 3045 443 3125 onia
476 3054 621 3113 naturam
652 3047 862 3130 rationalem,
895 3046 1087 3130 Angelioam
1110 3050 1144 3109 et

263 3150 451 3233 humanam,
480 3152 779 3236 congruentissimis
801 3152 917 3217 mediis
940 3150 1083 3216 externis
1112 3156 1145 3213 et

264 3254 418 3336 internis,
449 3253 579 3338 legibus
607 3263 641 3321 et
669 3256 846 3340 exemplis,
876 3256 1143 3321 illustrationibus

263 3363 299 3424 et
321 3359 562 3442 adustionibus,
585 3359 677 3424 minis
700 3368 735 3425 et
755 3359 942 3444 promissis,
976 3357 1141 3423 benefieiis

264 3468 301 3529 ot
333 3453 489 3547 flagellis,
524 3462 567 3530 ad
598 3464 765 3549 proprium
795 3462 890 3530 finem
928 3461 1046 3545 dirigit.
1098 3461 1141 3529 lu
