2817 4317
541 810 723 867 PRECATIO
743 810 792 899 ll.¹
850 863 852 870 .

468 943 525 1009 Aa
546 944 695 1025 eandem,
718 942 847 1008 ibidem.
914 1013 916 1020 ,

260 1084 287 1151 0
311 1082 531 1148 admirabilem
554 1084 767 1167 sapientiam,
801 1084 853 1150 uui
874 1084 982 1151 omnia
1003 1104 1102 1168 prae·

211 1188 308 1253 tesita
341 1194 374 1251 et
406 1188 511 1252 futura
549 1195 623 1252 sunt
656 1190 866 1272 praesentia3
907 1189 958 1254 eni
992 1190 1100 1255 omnia

218 1294 412 1377 temporalia
434 1301 508 1358 sunt
531 1301 682 1376 aeterna3
709 1293 761 1358 eui
774 1294 881 1359 omnia
902 1293 1100 1359 insensibilia

216 1405 250 1463 et
281 1405 406 1463 mortua
439 1400 571 1482 uivuut3
600 1400 657 1467 eui
689 1399 795 1464 omnia
828 1418 911 1482 quae
933 1415 995 1462 non
1018 1406 1102 1481 sunt,

213 1489 376 1584 ealstunt3
401 1522 485 1585 quae
508 1510 609 1568 totam
635 1502 731 1568 simul
746 1501 846 1567 ambit
863 1501 1084 1568 aeternitatem
1092 1525 1102 1586 3

213 1626 299 1689 qnae
322 1624 446 1671 omnem
470 1608 619 1672 exhaurit
641 1608 844 1687 infinitatem
867 1626 951 1689 quae
972 1608 1102 1673 univer-

212 1728 282 1775 sam
306 1710 391 1773 intra
406 1729 442 1774 se
467 1711 555 1794 eupit
579 1712 839 1776 immensitatem!
885 1709 995 1775 Omnia
1017 1713 1101 1778 iutra

213 1833 251 1877 se
279 1820 445 1886 aeternum
474 1834 548 1877 esse
571 1814 704 1894 habent,
739 1822 772 1878 et
804 1820 970 1879 aeternam
1000 1816 1099 1881 vitam

164 1989 168 2008 -.
212 1919 307 1984 initio
331 1929 363 1982 et
386 1918 449 1982 fine
473 1928 647 2000 carentem,
669 1928 702 2005 et
715 1937 851 2002 prorsus
865 1920 1100 1987 immutabilem.

215 2024 346 2088 Habent
369 2023 496 2106 quidem
517 2023 644 2107 singula
676 2026 710 2088 in
739 2024 856 2107 seipsis
888 2043 964 2087 esse
996 2025 1101 2106 quod·

219 2129 295 2192 dam
317 2127 378 2189 sibi
394 2126 611 2209 intrinsecum,
635 2128 706 2192 sive
724 2135 808 2209 autu,
831 2125 902 2189 sive
922 2133 1102 2210 potestate;

220 2231 280 2296 sed
305 2231 369 2294 hou
392 2229 424 2292 in
447 2232 543 2294 rebus
567 2231 685 2295 creatis
708 2231 815 2295 babet.
825 2229 966 2309 initium,
989 2238 1104 2313 estque
1146 2226 1148 2229 ’

221 2334 392 2410 mutabile,
426 2320 530 2415 neuue
563 2353 627 2400 non
660 2336 843 2399 viventibus
866 2333 962 2397 vitam
985 2335 1104 2400 tribuit.

214 2438 346 2520 Verum,
371 2440 591 2519 praeterhac
619 2460 693 2505 esse
717 2439 802 2522 quod
826 2438 859 2501 in
882 2437 1000 2519 seipsis
1019 2440 1103 2503 obti-

164 2522 166 2534 ’
195 2552 312 2624 ’·ιιουι,
346 2542 465 2605 habent
494 2543 524 2604 in
550 2543 659 2607 divina
682 2552 789 2607 mente
811 2550 846 2605 et·
865 2542 1025 2623 sapientia
1048 2549 1103 2606 tua

215 2652 292 2711 esse
320 2646 482 2728 quoddam
502 2648 702 2711 extrinsecus
725 2646 825 2709 veluti
847 2644 995 2725 inlusum,
1017 2665 1102 2711 sem·

215 2750 379 2834 piternum
400 2756 436 2813 et
458 2750 667 2815 immutabile.
711 2748 897 2831 Intelligere
920 2751 1017 2831 enim,
1052 2758 1103 2815 est

181 2836 184 2844 ¹
209 2852 383 2940 ¹qtroddam
404 2852 649 2936 intelligibilium
673 2872 758 2933 esse,
781 2872 842 2935 per
857 2854 941 2933 quod
958 2855 989 2917 in
1012 2875 1101 2918 men·

216 2967 249 3023 te
264 2956 375 3041 ¹‚veluti
398 2957 429 3020 in
453 2958 591 3041 spiritali
617 2958 772 3039 'quedam
798 2957 917 3021 mundo
947 2959 1140 3040 existunt‚···

215 3063 400 3148 splendent,
436 3070 468 3126 et
491 3063 613 3127 vivunt.
658 3059 826 3144 Sapientia
847 3062 947 3143 igitur
968 3071 1024 3127 tua
1046 3057 1098 3128 est

185 3181 188 3185 ’
214 3168 355 3233 omnium
371 3167 619 3250 intelligibilium
634 3186 707 3247 esse
723 3174 755 3231 et
775 3166 842 3230 vita
861 3174 894 3230 et
915 3167 985 3249 lux,
1005 3168 1096 3251 juxta

214 3269 314 3337 illud:
360 3272 447 3352 Quod
475 3272 592 3353 suetum
621 3278 678 3348 eet,
709 3276 742 3338 iu
772 3275 840 3354 ipse
861 3276 926 3338 uite
948 3279 1031 3352 erut,
1060 3284 1097 3339 nt

184 3393 193 3430 ’-
212 3378 245 3444 S.
285 3372 489 3459 Augustinus
535 3384 567 3440 et
609 3377 699 3441 multi
740 3375 933 3444 Sanctorum
978 3377 1094 3443 intelli·

210 3488 300 3566 gunt.
