2817 4317
1091 561 1153 627 209

270 749 466 834 Apostolus,
490 768 559 813 oum
585 750 731 814 hortatur
755 755 788 811 ut
810 749 963 815 Christum
979 752 1153 829 induamus,

272 864 304 921 ut
328 847 486 937 portemus
507 856 673 934 imopincm
695 854 829 919 luminis
850 856 1004 932 coelestis,
1037 875 1152 936 nempe

272 960 409 1038 Christi3
440 964 472 1022 ut
502 957 618 1023 Christi
637 961 805 1039 passiones
827 960 991 1035 imitemur,
1027 964 1061 1023 nt
1081 976 1154 1023 aar·

271 1082 342 1129 nem
364 1082 433 1127 curn
448 1066 530 1128 uitiis
545 1068 574 1127 ct
585 1064 840 1144 concupiscentiis
856 1061 1079 1142 crncifipamus
1097 1068 1151 1127 cte.

557 1281 675 1337 CAPUT
695 1280 875 1339 OCTAVUM.

269 1434 326 1496 De
349 1441 469 1519 quarta
497 1440 528 1492 et
557 1432 675 1517 quinta
698 1432 820 1493 unione
847 1432 990 1493 amantis
1012 1454 1085 1494 eum
1108 1430 1154 1493 ‹li-

268 1536 363 1600 lecto.
411 1533 542 1620 Quarta
566 1534 707 1625 quidem,
727 1557 812 1630 qnae
839 1532 876 1617 fit
893 1558 953 1622 per
982 1534 1153 1599 sublimem

267 1641 579 1726 contemplationem.
634 1636 762 1723 Quinta
790 1662 877 1717 uero,
913 1632 997 1734 quae
1028 1638 1065 1723 fit
1093 1664 1154 1728 per

266 1747 438 1843 quandam
473 1742 739 1833 liquefactionem
765 1735 807 1807 vet
845 1742 1078 1808 demersionem
1118 1746 1153 1808 in

270 1845 272 1852 ’
530 1848 681 1934 abyssum
705 1847 896 1912 diuinitatis.

569 1981 854 2040 lffinfflmM

314 2108 439 2185 Quarto
459 2108 567 2190 itaque
590 2127 682 2173 amor
704 2109 763 2173 Dei
787 2110 923 2193 impellit
938 2111 979 2174 ad
1004 2112 1150 2174 unionem
1185 2143 1187 2148 ·

262 2199 328 2298 per
349 2215 508 2279 sublimem
523 2217 821 2298 contemplationem,
844 2236 904 2298 per
920 2233 1024 2297 quem,
1049 2234 1151 2296 quan·

262 2330 333 2383 tum
368 2319 418 2381 fas
455 2328 504 2382 est
528 2319 616 2383 vitae
642 2320 784 2401 mortali,
823 2319 891 2383 Deo
915 2318 1052 2383 maxime
1075 2337 1151 2383 oon·

258 2423 440 2508 jungimur.
500 2421 555 2487 Ad
594 2425 678 2488 hano
716 2427 863 2490 hortatur
900 2424 933 2489 S.
975 2423 1151 2506 Dionysius

264 2527 475 2594 Timotheum
509 2545 580 2609 unp
619 2530 643 2593 l.
684 2532 842 2612 mysticae
877 2529 1063 2610 theologiae
1100 2529 1150 2592 his

264 2630 392 2694 verbis:
445 2632 487 2695 Tu
510 2651 596 2712 oaro,
630 2633 765 2700 calare
788 2635 955 2714 Timotlee,
978 2637 1064 2698 circa
1084 2652 1151 2715 mp-

260 2737 345 2800 stica
376 2734 555 2816 spectacula
585 2739 727 2800 contentu
750 2738 970 2802 coercitatione
993 2742 1022 2801 et
1043 2755 1152 2804 sensus

260 2838 415 2920 relinquo,
450 2843 480 2904 et
501 2838 725 2904 intellectuales
758 2843 955 2920 operationes
984 2845 1013 2904 ct
1046 2847 1151 2909 omnia

261 2941 396 3007 sensilia
418 2946 447 3006 et
470 2943 673 3019 intellectilia,
706 2951 734 3010 ct
756 2948 861 3010 omnic
888 2963 968 3027 quac
999 2952 1087 3025 sunt,
1122 2953 1151 3012 ct

262 3064 347 3130 qnae
377 3064 439 3111 non
473 3053 563 3122 sunt,·
595 3054 623 3112 cl
652 3050 695 3113 acl
716 3052 862 3114 unionem
894 3055 1034 3133 ejusqui
1056 3070 1150 3133 super
1219 3073 1222 3078 ·

261 3167 387 3217 omnem
417 3154 584 3216 essentium
608 3156 638 3217 ct
660 3156 815 3219 notionem
839 3161 900 3236 est,
930 3154 1150 3238 quamunitas

262 3261 328 3334 est,
361 3258 464 3335 innota
486 3257 575 3320 morlo
598 3257 745 3322 attollere.
792 3258 874 3322 Dicit
894 3260 977 3323 huno
1000 3259 1148 3322 unionem
1213 3322 1218 3333 ,

263 3359 337 3423 fieri
370 3362 472 3439 ipnoto
495 3362 598 3438 marla,
632 3361 706 3441 quia
740 3380 802 3425 uon
834 3363 870 3426 fit
902 3362 1150 3444 contemplando

263 3465 406 3545 aliquam
430 3464 576 3546 formam,
610 3466 662 3529 vel
687 3469 842 3532 rationem
864 3488 882 3530 a
906 3468 1000 3532 nobis
1032 3485 1149 3532 eonce-
