2817 4317
1091 561 1154 630 155

266 774 358 839 pere,
380 754 410 819 ei
432 754 534 820 velint
557 753 682 832 redine;
707 751 882 817 redeuntes
904 769 967 816 nnn
992 751 1073 817 dure
1094 772 1153 818 ex·

266 861 357 946 eipit,
378 878 441 925 nee
463 860 665 944 improperat
689 855 856 939 pristinam
878 855 1151 938 ingratitudinem,

267 964 328 1036 sed
363 962 502 1045 benigne
530 960 737 1043 amplentitur
760 965 920 1039 tamquam
943 959 1152 1040 charissimos

267 1068 363 1147 filios,
386 1086 511 1149 eosque
532 1067 564 1130 in
589 1066 759 1147 pristinum
778 1062 913 1146 gradum
936 1060 1074 1129 filiorum
1097 1083 1151 1129 re·

266 1171 378 1236 stituit.

310 1274 339 1340 5.
363 1272 444 1350 Quia
475 1273 553 1338 nihil
585 1272 720 1356 requirit
755 1290 775 1335 a
813 1271 907 1336 nobis
942 1273 1029 1353 qued
1063 1274 1151 1338 vires

270 1385 398 1442 nostrae
430 1384 579 1459 superet,
607 1377 808 1447 sedffomnia
829 1376 955 1457 futilia,
985 1384 1020 1441 et
1051 1366 1151 1442 etiem

268 1479 366 1544 menti
390 1481 472 1569 bene
496 1479 698 1562 nompositae
717 1477 873 1562 jucunda.
925 1482 1039 1563 Jupnm
1070 1487 1153 1549 enirn

268 1588 337 1664 njne
359 1601 456 1654 eumue
478 1588 534 1663 err,
552 1589 582 1648 et
604 1599 684 1648 enus
705 1582 780 1646 tene.

618 1802 806 1860 uenenum.
827 1881 829 1885 ,

501 1952 558 2017 Art
580 1951 809 2038 benignitatem
837 1949 910 2012 Dei.

457 2081 499 2136 Ex
522 2079 569 2136 lib.
596 2084 621 2138 9.
647 2082 679 2136 de
705 2079 816 2149 Perfeci.
846 2095 906 2151 eep.
933 2084 958 2139 6.

308 2208 388 2275 (ium
412 2208 515 2298 omnis
537 2207 665 2289 gloriae
687 2215 721 2271 et
751 2205 960 2271 beatitudinis
982 2226 1023 2269 ex
1046 2207 1152 2290 teipso

264 2313 572 2398 superpleniseimus
601 2312 665 2391 sie,
695 2330 760 2375 non
794 2311 901 2394 potuit
924 2330 961 2373 se
985 2310 1151 2375 continere

264 2417 449 2499 benignitas
472 2423 538 2496 tue,
561 2415 635 2497 quin
658 2421 819 2479 teutonum
842 2415 998 2479 bonerum
1021 2423 1150 2479 ereetu-

216 2555 222 2566 ν
263 2528 448 2603 rumenam
481 2518 606 2582 feneret
629 2517 832 2600 participem.
876 2516 961 2581 Hine
981 2519 1151 2584 eonsilium

241 2610 427 2691 ‚eendeudi
451 2620 601 2703 Angelos
632 2628 665 2686 et
696 2620 861 2701 hemines,
893 2620 947 2702 qui
971 2627 1079 2686 tentae
1102 2624 1152 2686 rei

216 2798 219 2803 ,
263 2733 380 2794 essent
412 2744 569 2810 enpunee3
601 2732 636 2789 et
666 2733 802 2809 prepter
832 2726 978 2791 homines
1000 2728 1151 2807 muntium

262 2832 470 2918 universum,
502 2837 535 2895 et
579 2849 662 2912 opes
690 2827 764 2913 ejus
800 2847 920 2894 omnes.
980 2829 1057 2909 Quis
1096 2852 1155 2897 un·

263 2955 362 3026 quem
384 2935 560 3000 mnnenntre
581 2940 731 2999 terrenus
750 2942 917 2999 extremae
940 2937 1040 3001 sertis
1063 2957 1152 3001 man·

262 3039 351 3124 eipia
383 3040 495 3104 evexit
528 3039 571 3102 ad
602 3038 855 3107 communionem
879 3040 998 3122 regni?
1041 3038 1085 3105 Et
1104 3048 1153 3103 ta·

247 3162 337 3235 ⁸men
365 3144 397 3208 in
421 3144 471 3208 his
495 3148 548 3207 est
569 3148 702 3208 netur-ee
725 3143 864 3233 puritas,
897 3151 930 3207 et
962 3143 1062 3209 soline
1084 3145 1153 3212 tnr-

262 3239 362 3315 tunee
385 3265 555 3329 rerumque
578 3252 783 3313 externarum
806 3247 998 3312 discrimen:
1021 3266 1081 3312 nes
1096 3268 1154 3311 ve·

262 3372 303 3419 re
334 3368 398 3416 non
431 3351 536 3416 seium
570 3351 694 3415 infinite
727 3370 747 3415 e
778 3358 810 3415 te
830 3351 985 3416 distemus
1016 3358 1151 3417 naturae

260 3454 467 3536 uenditione,
509 3454 569 3550 sed
601 3455 697 3522 etiem
727 3454 868 3524 intimum
897 3454 1033 3539 gradum
1063 3455 1149 3522 inter
