2817 4317
221 572 330 642 ·148

267 766 350 830 enim
374 770 425 829 eat
447 763 583 831 omnium
605 764 716 843 radix,
751 784 792 827 ex
823 782 886 845 quo
916 764 1028 828 omnia

266 867 480 951 pullularunt3
504 875 537 930 et
558 868 696 931 omnium
721 867 899 944 vinculum,
930 888 997 949 qno
1025 890 1039 933 ε

264 974 295 1035 in
319 972 439 1056 seipsis
465 971 752 1053 constringuntur,
775 991 815 1034 ne
840 971 990 1037 diffluant
1015 996 1034 1039 e

264 1078 576 1164 neaoantpomnium
600 1074 712 1156 sedeS,
742 1093 781 1138 ao
803 1074 1039 1142 fundamentum

262 1182 316 1247 nia
339 1189 543 1263 sustentans,
561 1199 605 1244 ne
627 1179 660 1244 in
683 1178 813 1243 nihilum
835 1197 926 1243 suum
952 1183 1039 1248 relat

606 1420 793 1476 annoanlo.

484 1548 542 1612 Ad
565 1551 824 1635 omnipotentiam
850 1549 922 1614 Dei.

469 1683 510 1738 Ex
530 1680 579 1736 lib.
600 1686 623 1739 5.
650 1684 681 1737 de
699 1683 809 1751 Persect.
828 1698 888 1752 cap.
907 1685 932 1737 4.

308 1810 335 1874 0
358 1808 566 1889 adorandam,
588 1809 798 1891 tremendam,
821 1817 853 1873 et
866 1810 1027 1892 religioso

264 1914 310 1979 tio
333 1913 548 1978 venerandam
585 1913 846 1997 omnipotentiam
876 1922 979 1994 tuam,
1011 1916 1039 1979 D

261 2038 319 2083 rex
342 2019 553 2101 saecolorum,
577 2018 631 2100 qni
653 2018 760 2083 omnia
784 2037 844 2100 per
861 2026 894 2083 te
918 2025 1026 2101 potes,

264 2124 341 2203 qaid
361 2131 498 2206 possunt
520 2140 630 2186 omnes
652 2130 822 2187 creaturae
838 2130 929 2205 tuae,
951 2143 972 2186 a
997 2146 1039 2208 qu

263 2227 312 2290 nis
335 2230 493 2310 potentia,
528 2229 630 2292 omnis
658 2229 724 2310 vis,
756 2227 857 2291 omnis
880 2229 1016 2309 energia

264 2330 402 2397 omnium
426 2339 477 2395 est
498 2331 642 2395 instituta
665 2340 698 2395 et
720 2331 926 2415 dependens,
959 2333 1016 2415 qui

265 2456 305 2500 ex
329 2435 428 2500 nihilo
451 2436 523 2500 soto
543 2438 646 2500 verbo
670 2434 852 2516 oondidisti,
876 2441 908 2499 et
931 2437 1039 2500 condi]

265 2542 337 2606 dem
362 2540 584 2606 'substantifica
607 2540 728 2604 influxu
751 2558 942 2620 conservae,
977 2560 1021 2604 ex

265 2647 431 2728 potentiae
453 2653 527 2711 tuae
551 2665 643 2711 manu
666 2663 705 2709 ea
729 2645 828 2709 veluti
843 2663 1004 2726 suspensa
1024 2654 1037 2709 t

265 2767 308 2815 ne
328 2751 360 2813 in
382 2771 473 2818 suum
496 2752 626 2817 nihilum
650 2751 851 2830 relabantur,
875 2766 984 2812 eoram
1009 2770 1039 2833 qi

265 2860 316 2917 tos
339 2856 474 2919 mundus
498 2863 548 2918 est
570 2855 671 2918 instar
690 2855 777 2937 pilae
799 2852 953 2932 modicae,
977 2862 1010 2917 et
1037 2888 1039 2908 ι

265 2965 380 3038 gentes
404 2960 505 3049 instar
527 2959 634 3023 stillae
657 2958 742 3022 roris
772 2956 962 3021 antelooani.
1008 2958 1039 3036 Q

215 3117 217 3124 .
263 3062 337 3143 ipsa
354 3061 463 3145 'potes
496 3061 629 3127 ettioere
666 3069 699 3127 et
721 3069 907 3145 praestare,
942 3080 1006 3126 non

264 3167 420 3249 quidquid
442 3178 552 3232 omnes
574 3167 721 3234 homines
741 3171 774 3229 et
797 3160 919 3247 Angeli
942 3167 1039 3231 anim·

263 3271 391 3354 cipere,
424 3272 601 3335 sedetiam
632 3269 785 3355 quidquid
810 3270 971 3352 sapientia
995 3279 1039 3337 tm

262 3375 329 3440 nita
359 3380 469 3457 potest
492 3376 682 3459 excogitare
691 3363 704 3440 ι’
733 3395 794 3459 par
815 3375 900 3439 enim
926 3382 981 3440 est
1000 3396 1039 3460 p(

262 3487 318 3546 tua
347 3480 526 3563 sapientiae
558 3487 648 3561 tuae,
682 3486 716 3545 et
747 3497 851 3561 aeque
884 3480 950 3543 late
973 3500 1039 3546 se·
