2817 4317
267 462 329 530 282
887 519 894 552 ‚

269 654 364 719 selva
396 657 546 716 manente
573 670 679 733 aquae
700 650 891 719 substantia.
936 648 1049 716 Amor
1082 652 1155 717 euim

267 758 346 823 faoit
380 763 540 820 amantem
575 756 692 819 affeetu
725 761 758 818 et
790 772 889 817 seusu
910 774 930 818 a
955 774 995 818 se
1021 754 1155 821 deficere

271 868 304 924 et
325 862 357 923 in
382 860 535 923 dilectum
562 860 695 938 mutari,
727 865 762 922 ut
790 857 909 922 nullum
943 858 1035 925 iuter
1066 866 1155 925 sest

269 965 422 1030 dilectum
445 964 608 1047 percipiat
632 963 813 1028 discrimen.
858 962 907 1026 lta
938 963 1028 1028 enim
1053 984 1154 1029 amau·

269 1077 332 1135 tem
359 1089 441 1153 erga
460 1068 613 1134 dilectum
637 1068 746 1149 afficit,
768 1075 803 1132 ut
821 1073 974 1149 quantum
989 1068 1025 1132 iu
1040 1090 1079 1134 se
1101 1076 1154 1150 est,

266 1175 298 1238 vi
323 1176 460 1238 effeetus
482 1193 572 1238 suum
596 1191 671 1236 esse
694 1178 800 1250 exuat,
824 1179 858 1235 ut
875 1170 992 1236 induat
1008 1173 1152 1240 diteotum

267 1298 427 1361 unumque
452 1298 522 1343 oum
555 1277 612 1341 illo
647 1277 776 1341 evadat.
820 1276 908 1341 Nihil
941 1278 1088 1360 amplius
1117 1278 1153 1342 do

266 1403 304 1446 se
327 1383 463 1466 suisque
486 1382 667 1448 commodis
689 1381 832 1463 eogitat‚
854 1398 918 1443 non
942 1399 1046 1450 secus
1067 1404 1108 1449 ao
1128 1384 1151 1447 si

265 1487 330 1569 jam
353 1486 385 1549 in
411 1492 529 1549 natura
554 1505 659 1550 rerum
679 1504 757 1548 esse
781 1484 950 1566 desiisset3
982 1476 1048 1551 sed
1071 1495 1152 1553 totus

264 1589 466 1671 oogitatione
500 1597 533 1654 et
555 1589 674 1654 affeetu
698 1596 751 1653 est
780 1588 811 1651 in
843 1588 984 1671 dileoto,
1019 1591 1151 1676 ejusque
1191 1664 1192 1681 χ

268 1694 434 1760 dumtaxat
455 1696 541 1758 bona
563 1694 697 1776 oogitat,
723 1692 900 1772 desiderat,
927 1702 961 1758 et
984 1703 1149 1777 procurat
1191 1700 1192 1715 ¹

265 1800 354 1863 'l'uno
375 1806 484 1881 potest
507 1799 619 1863 dioere
639 1818 710 1863 oum
734 1796 918 1881 Apostolo:
968 1799 1063 1881 Vivo,
1094 1820 1150 1867 ouo

258 1909 332 1982 ‚jum
359 1921 431 1984 eoo,
463 1906 538 1970 otott
565 1921 638 1969 vero
660 1908 765 1968 tome
784 1904 953 1978 Christus„
979 1903 1040 1970 Sio
1063 1924 1149 1972 amor

263 2006 342 2070 fauit
364 2007 524 2072 hominem
546 2007 698 2074 oblivisci
719 2007 786 2088 sui,
810 2025 890 2069 ase
913 2006 1070 2089 deficere,
1094 2010 1148 2074 sibi

263 2111 354 2191 mori,
377 2118 409 2174 et
431 2113 544 2178 vivere
567 2113 598 2175 in
622 2112 755 2177 dilecto.
769 2107 772 2125 ²
787 2110 872 2175 Hoo
886 2111 993 2195 modo.
1010 2118 1070 2194 qui
1093 2114 1146 2178 ad·

264 2214 377 2278 haeret
405 2214 493 2295 Dee,
526 2234 608 2281 uuus
640 2215 774 2299 spiritus
801 2215 876 2279 'cum
905 2214 1147 2303 illoetfioitur.

263 2319 354 2386 Haeo
377 2328 428 2384 est
452 2321 612 2403 persentio
636 2328 670 2385 et
691 2319 928 2398 eonsummatio
942 2318 1146 2398 Senatorum,

263 2434 297 2488 et
317 2424 386 2487 vita
409 2433 552 2503 aeterna,
578 2444 673 2490 uuum
691 2444 770 2490 ,oum
791 2422 863 2489 Deo
886 2421 1037 2506 pervim
1063 2445 1147 2491 amo·

263 2528 309 2592 ris
332 2530 427 2594 effici.
927 2589 930 2594 ,

306 2632 362 2699 Sio
385 2634 427 2698 ad
452 2634 620 2716 exemplar
642 2625 787 2712 nostrum
809 2632 1013 2715 primaevum
1038 2654 1146 2699 rever-

262 2739 376 2819 timur,
412 2742 445 2804 io
469 2758 533 2823 quo
552 2740 593 2803 ab
617 2743 751 2803 aeterno
784 2737 968 2820 extitimus,
1000 2757 1069 2804 nou
1093 2760 1146 2823 per

262 2864 336 2910 esse
359 2844 490 2928 aliquod
511 2843 600 2907 reale
622 2843 719 2907 nobis
743 2844 968 2924 intrinsecum,
1005 2844 1070 2909 sed
1093 2865 1145 2929 per

262 2950 325 3012 vim
349 2948 444 3013 ideae
468 2956 500 3012 et
522 2947 747 3031 oonoeptionis
763 2947 880 3012 mentis
896 2946 1041 3027 divinae,
1067 2969 1144 3034 queo

261 3051 341 3117 facit
361 3060 396 3116 ut
418 3052 450 3115 in
466 3059 570 3116 mente
593 3052 703 3120 divina
719 3052 767 3115 ao
781 3059 915 3118 aeterno
931 3052 1143 3133 extiterimus,

262 3157 438 3222 vixerimus
461 3164 494 3221 et
516 3155 704 3233 luxerimus,
729 3175 799 3221 oum
821 3156 854 3219 io
878 3156 972 3221 uobis
988 3157 1072 3223 nihil
1095 3179 1143 3224 es·

262 3281 379 3325 semus.
423 3261 507 3326 Hirro
538 3281 598 3345 per
621 3278 763 3335 amorem
786 3260 1011 3346 processimus
1035 3264 1069 3328 in
1094 3281 1145 3329 oo·

262 3373 361 3430 strum
385 3385 459 3430 esse
483 3372 636 3455 meatum,
658 3365 743 3433 siout
765 3365 868 3429 forma
887 3364 1006 3433 domus
1030 3371 1074 3450 ab
1097 3390 1145 3435 ur·
