2817 4317
267 578 330 647 tuo

313 769 342 833 2.
367 766 561 832 Fermaliter
584 766 700 831 dieitur
732 768 875 848 rapiens,
912 782 980 829 non
1007 772 1047 830 ut
1069 786 1106 831 sa

266 873 352 937 entia
375 870 543 954 praeditus
574 877 606 932 et
633 870 786 947 imbutus,
818 870 904 933 sieut
935 878 1070 936 mentes
1099 892 1108 934 a

266 977 405 1064 gelieae,
442 975 500 1038 sed
533 983 567 1037 ut
597 974 669 1055 ipsa
699 974 856 1056 sapientie
891 976 1027 1055 perse
1048 978 1108 1040 sub

160 1127 163 1133 .
264 1088 369 1163 stens,
400 1081 430 1144 in
454 1099 516 1162 qna
539 1079 641 1143 omnis
656 1078 831 1160 plenitudo
866 1079 1056 1160 sapientiae
1077 1102 1108 1147 er

264 1190 379 1248 neuter
412 1182 601 1253 continetur.
646 1179 711 1245 Per
741 1180 826 1245 hane
854 1184 947 1262 quasi
976 1186 1012 1248 iu
1048 1189 1108 1270 prii

263 1288 357 1369 signo
394 1267 529 1350 rationis
563 1303 633 1349 oum
667 1284 788 1349 infinita
818 1286 967 1351 elaritate
1000 1308 1108 1374 compr

189 1419 191 1423 ·
263 1390 375 1455 hendit
397 1388 568 1454 essentiam
591 1407 697 1469 suam,
721 1398 754 1454 et
774 1390 1011 1472 processiones
1034 1415 1108 1476 perr

263 1515 392 1574 uarum,
425 1502 456 1557 et
488 1492 578 1574 ipsas
601 1492 729 1556 divinas
752 1512 919 1578 personas.
964 1496 1100 1564 Deinde

263 1597 409 1662 seeundo
432 1598 527 1679 signo
558 1618 600 1662 ex
632 1598 718 1661 omui
740 1599 933 1664 aeternitate
963 1600 996 1663 in
1024 1622 1108 1668 omni

264 1704 489 1770 aeternitatem
514 1704 659 1767 extendit
680 1723 718 1767 se
750 1710 840 1783 autu,
874 1712 906 1768 et
928 1723 1004 1769 oum
1028 1707 1108 1771 infin

263 1809 411 1876 claritate
428 1808 469 1872 ad
485 1807 592 1871 omnia
606 1809 785 1890 possibilia,
809 1809 907 1890 idque
922 1829 964 1873 ex
981 1813 1018 1875 vi
1035 1830 1108 1897 oog

265 1911 361 1976 tionis
384 1911 547 1976 essentiae
571 1929 658 1974 suae.
704 1910 738 1976 ln
768 1912 864 1975 tertio
897 1912 998 1992 signo
1037 1924 1108 1980 exte

262 2017 309 2081 uit
342 2036 379 2079 se
410 2015 452 2078 ad
483 2013 607 2093 omnia,
642 2031 725 2094 quae
749 2012 912 2095 quaelibet
935 2014 987 2078 vis
1028 2037 1108 2084 urea

260 2120 315 2184 vel
349 2117 499 2184 meabilis
527 2122 639 2198 potest
670 2115 791 2181 faeere.
835 2116 872 2180 lu
904 2129 1028 2199 quarto
1056 2124 1108 2207 sig

261 2223 303 2288 ad
326 2221 432 2287 omnia
455 2239 537 2301 quae
561 2226 670 2285 esseut
684 2228 849 2299 eventura,
868 2224 977 2305 posita
1004 2229 1108 2310 qualit

261 2327 454 2411 hypothesi,
488 2344 571 2408 quoe
605 2325 753 2391 dicuntur
775 2328 883 2392 sutura
907 2329 1108 2414 conditional

254 2439 295 2495 et
318 2442 391 2495 sunt
413 2429 562 2493 infinities
594 2428 733 2496 infinitas
764 2451 835 2496 nam
858 2432 947 2496 eirea
970 2436 1108 2515 quamlil

263 2555 331 2599 rem
354 2535 447 2599 liberi
470 2534 608 2615 arbitrii,
640 2544 776 2617 possunt
804 2537 1074 2605 oiroumstantiae
1102 2563 1108 2605 1

163 2685 165 2690 .
267 2660 335 2704 rum
367 2639 517 2703 infinities
541 2640 679 2722 variari,
714 2648 748 2704 et
768 2641 842 2723 ipsa
872 2640 1009 2706 infinitis
1047 2664 1108 2712 mot

264 2751 373 2828 potest
396 2744 541 2809 exeitari.
585 2742 621 2809 In
646 2744 756 2826 quinto
788 2746 881 2825 signo
914 2745 1013 2811 videt
1046 2769 1108 2815 onu

265 2849 371 2911 futura
409 2846 559 2912 absolute
595 2847 626 2909 in
665 2865 789 2911 omnem
822 2849 1051 2916 aeternitatem
1084 2872 1108 2919 et

266 2953 412 3018 omnibus
436 2952 692 3016 eireumstautiis.

313 3056 342 3121 3.
366 3057 502 3137 Sapiens
524 3055 636 3121 dieitur
652 3057 693 3118 ob
714 3054 1006 3138 singularissimum
1024 3064 1060 3123 et
1074 3079 1108 3124 er

267 3161 481 3225 nentissimum
505 3160 632 3223 modom
664 3159 740 3223 nulli
774 3166 943 3224 creaturae
974 3180 1107 3229 commu

268 3265 413 3330 nabilem.
458 3262 537 3328 (lum
561 3264 641 3327 enim
666 3263 730 3328 duo
757 3265 797 3327 ad
822 3264 1020 3347 sapientiam
1045 3289 1107 3353 req

268 3376 396 3449 rantur,
432 3385 546 3448 nempe
575 3366 631 3429 lux
648 3366 897 3449 intelligentiae,
928 3377 962 3433 et
988 3374 1108 3457 objeet

272 3474 358 3555 quod
382 3471 593 3554 intelligatur,
617 3473 691 3556 ipse
713 3480 881 3555 utrumque
903 3494 922 3537 a
942 3496 981 3539 se
1001 3480 1104 3547 habet
