2817 4317
318 586 362 656 60

319 784 485 851 meliorem
508 781 608 849 effluit
631 788 783 868 mentem,
813 784 876 849 nisi
911 784 997 868 quod
1028 791 1081 850 est
1104 804 1205 871 supra

321 896 466 955 mentem.
1139 908 1143 912 ·

364 995 485 1076 Magoa
514 992 689 1059 fascinatio
724 994 903 1060 mortalium
943 1000 1117 1078 tantopere
1149 1014 1207 1061 ae·

322 1099 455 1163 stimate
477 1104 509 1163 et
531 1099 622 1164 sitire
638 1098 785 1181 imperia,
807 1119 924 1181 regna,
947 1100 1206 1181 gubernationes

322 1210 355 1266 et
377 1201 590 1287 praelaturas,
610 1204 726 1287 quibus
748 1202 821 1267 aliis
843 1203 1001 1287 praesint,
1023 1211 1057 1269 et
1071 1204 1207 1288 seipsos

322 1307 504 1390 negligant3
538 1306 615 1371 nihil
648 1326 849 1391 magere,
880 1307 933 1391 jus
967 1326 1061 1372 omne
1096 1315 1131 1372 et
1156 1310 1207 1374 tas

323 1420 511 1497 proterere,
533 1420 568 1476 ut
590 1419 805 1495 assequantur
825 1411 910 1477 hano
932 1414 1074 1476 umbram
1099 1412 1208 1477 {elini-

327 1517 411 1597 tado,
434 1518 504 1581 veri
523 1516 598 1581 boni
620 1525 653 1581 et
675 1516 791 1583 salutis
813 1524 967 1582 aeternae
990 1515 1208 1599 impedimen·

324 1628 398 1685 tum.
442 1620 529 1685 Nihil
550 1622 635 1685 enim
663 1628 716 1686 est
740 1611 905 1710 quod-vel
936 1620 1073 1684 animum
1099 1621 1207 1704 magis

320 1731 443 1790 *avooet
463 1744 483 1789 a
506 1724 705 1790 eoelestibus
734 1733 767 1790 et
789 1724 933 1810 impiiuet
955 1722 1117 1807 terrenis3
1154 1724 1207 1789 vei

325 1827 481 1913 majorem
520 1836 726 1913 peooatorum
772 1829 946 1914 suppediat
988 1827 1208 1909 oueasionenn,

325 1933 378 1999 vel
410 1935 650 2000 effrenatiorem
681 1933 803 1999 tribuat
836 1932 994 2018 peooandi
1030 1930 1208 2014 licentiam,

325 2037 379 2103 vel
401 2038 587 2122 ampliorem
611 2036 796 2120 exequendi
810 2038 945 2121 eopianr,
968 2034 1023 2100 vel
1044 2034 1208 2104 aalma

327 2142 429 2224 magis
459 2148 571 2206 aroeat
600 2141 796 2220 monitores,
826 2140 881 2203 vel
911 2138 1016 2222 magis
1043 2147 1210 2222 aggravet

326 2252 534 2333 pennatorum
558 2244 697 2328 eulpam,
721 2244 774 2308 vei
797 2243 901 2326 magis
923 2250 1038 2309 oneret
1059 2245 1209 2327 pennatis

327 2350 452 2433 alienis,
476 2368 571 2432 quam
594 2350 796 2433 prinoipatus
810 2356 843 2413 et
860 2347 1056 2432 praelatura.
1090 2349 1210 2427 Quam·

329 2474 424 2538 quam
458 2453 513 2537 qui
541 2470 606 2520 uon
629 2454 764 2519 honoris
787 2461 821 2518 et
842 2453 1003 2519 eommodi
1025 2452 1075 2517 sui
1098 2472 1210 2533 eausa

330 2558 390 2625 sed
415 2564 448 2622 ut
469 2559 555 2625 bono
588 2557 719 2640 publioo
750 2558 892 2642 prosint,
921 2566 954 2623 et
980 2557 1141 2641 plurimos
1171 2556 1210 2625 ad

329 2662 465 2727 salutem
489 2662 649 2747 dirigant,
671 2682 743 2728 earu
766 2663 970 2746 suseeperint
1000 2671 1034 2728 et
1064 2664 1130 2730 rite
1154 2663 1211 2731 ad·

330 2767 598 2849 ministraverint,
621 2787 770 2852 magnum
792 2767 970 2852 praemium
1003 2770 1045 2834 ob
1076 2769 1128 2835 rei
1152 2770 1211 2836 nif-

328 2871 505 2938 fioultatem
537 2880 569 2938 et
599 2874 675 2940 boni
708 2874 795 2957 quod
819 2879 994 2957 procurant
1023 2873 1211 2957 amplitudi-

330 2995 444 3042 nema
474 2983 507 3042 te
530 2984 778 3060 uoosequentur.
822 2975 893 3042 Sed
914 2976 1014 3060 longe
1035 2978 1140 3044 tutius
1165 2988 1212 3045 eet

328 3082 361 3147 in
383 3083 449 3147 imo
466 3082 663 3150 delitescere
684 3089 719 3149 et
739 3102 820 3150 suae
839 3082 953 3149 salutis
968 3100 1077 3148 euram
1102 3103 1211 3169 agera

330 3185 379 3251 Da
401 3185 488 3267 milri,
510 3187 659 3268 Domine,
679 3188 795 3254 lauder
817 3189 972 3253 humanas
993 3195 1211 3269 oontemuere,

330 3293 486 3358 honorem
517 3292 625 3358 mundi
654 3294 785 3377 iugero,
816 3298 850 3359 et
882 3311 993 3357 amare
1023 3294 1152 3362 uesoiri
1174 3298 1211 3364 ab

330 3396 520 3463 homiuibus.
563 3394 654 3463 Satis
687 3394 764 3464 mini
793 3395 851 3461 sit.
867 3413 965 3461 nense
985 3401 1035 3477 te,
1065 3404 1102 3462 et
1134 3418 1211 3485 eng·

328 3500 420 3567 nosoi
440 3499 582 3567 viderim
603 3501 663 3566 abs
685 3506 736 3567 te:
763 3498 889 3566 servire
910 3499 985 3583 tibi,
1014 3499 1050 3578 set
1062 3505 1210 3585 ‘nnba-
