<?xml version="1.0" encoding="UTF-8"?>
<!DOCTYPE html PUBLIC "-//W3C//DTD XHTML 1.0 Transitional//EN"
    "http://www.w3.org/TR/xhtml1/DTD/xhtml1-transitional.dtd">
<html xmlns="http://www.w3.org/1999/xhtml" xml:lang="en" lang="en">
 <head>
  <title>
</title>
<meta http-equiv="Content-Type" content="text/html;charset=utf-8" />
  <meta name='ocr-system' content='tesseract 3.04.00' />
  <meta name='ocr-capabilities' content='ocr_page ocr_carea ocr_par ocr_line ocrx_word'/>
</head>
<body>
  <div class='ocr_page' id='page_1' title='image "./leonardilessiio00lessgoog_0267.png"; bbox 0 0 2817 4317; ppageno 0'>
   <div class='ocr_carea' id='block_1_1' title="bbox 330 556 393 623">
    <p class='ocr_par' dir='ltr' id='par_1_1' title="bbox 330 556 393 623">
     <span class='ocr_line' id='line_1_1' title="bbox 330 556 393 623; baseline -0.016 0"><span class='ocrx_word' id='word_1_1' title='bbox 330 556 393 623; x_wconf 82' lang='lat'>266</span> 
     </span>
    </p>
   </div>
   <div class='ocr_carea' id='block_1_2' title="bbox 330 746 1218 1768">
    <p class='ocr_par' dir='ltr' id='par_1_2' title="bbox 330 746 1218 1768">
     <span class='ocr_line' id='line_1_2' title="bbox 334 746 1215 840; baseline 0.001 -28"><span class='ocrx_word' id='word_1_2' title='bbox 334 766 403 812; x_wconf 87' lang='lat' dir='ltr'>eam</span> <span class='ocrx_word' id='word_1_3' title='bbox 435 764 531 829; x_wconf 87' lang='lat' dir='ltr'>quam</span> <span class='ocrx_word' id='word_1_4' title='bbox 562 746 634 827; x_wconf 83' lang='lat' dir='ltr'>ipsa</span> <span class='ocrx_word' id='word_1_5' title='bbox 667 766 756 811; x_wconf 89' lang='lat' dir='ltr'>mens</span> <span class='ocrx_word' id='word_1_6' title='bbox 788 746 897 811; x_wconf 88' lang='lat' dir='ltr'>divina</span> <span class='ocrx_word' id='word_1_7' title='bbox 927 752 1024 811; x_wconf 84' lang='lat' dir='ltr'>extra</span> <span class='ocrx_word' id='word_1_8' title='bbox 1049 749 1215 840; x_wconf 79' lang='lat' dir='ltr'>oonoipere</span> 
     </span>
     <span class='ocr_line' id='line_1_3' title="bbox 333 849 1215 937; baseline 0.001 -19"><span class='ocrx_word' id='word_1_9' title='bbox 333 858 451 937; x_wconf 86' lang='lat' dir='ltr'>potest.</span> <span class='ocrx_word' id='word_1_10' title='bbox 496 849 590 916; x_wconf 86' lang='lat' dir='ltr'>Unde</span> <span class='ocrx_word' id='word_1_11' title='bbox 614 859 665 915; x_wconf 84' lang='lat' dir='ltr'>est</span> <span class='ocrx_word' id='word_1_12' title='bbox 693 851 816 916; x_wconf 88' lang='lat' dir='ltr'>infinite</span> <span class='ocrx_word' id='word_1_13' title='bbox 837 851 985 916; x_wconf 85' lang='lat' dir='ltr'>amabilis</span> <span class='ocrx_word' id='word_1_14' title='bbox 1019 860 1056 916; x_wconf 85' lang='lat' dir='ltr'>et</span> <span class='ocrx_word' id='word_1_15' title='bbox 1079 854 1215 919; x_wconf 82' lang='lat' dir='ltr'>deleatu-</span> 
     </span>
     <span class='ocr_line' id='line_1_4' title="bbox 330 955 1215 1038; baseline 0.002 -18"><span class='ocrx_word' id='word_1_16' title='bbox 330 958 422 1038; x_wconf 87' lang='lat' dir='ltr'>bilis,</span> <span class='ocrx_word' id='word_1_17' title='bbox 445 965 478 1022; x_wconf 85' lang='lat' dir='ltr'>et</span> <span class='ocrx_word' id='word_1_18' title='bbox 499 956 599 1021; x_wconf 86' lang='lat' dir='ltr'>habet</span> <span class='ocrx_word' id='word_1_19' title='bbox 621 958 685 1021; x_wconf 89' lang='lat' dir='ltr'>vim</span> <span class='ocrx_word' id='word_1_20' title='bbox 707 956 862 1021; x_wconf 88' lang='lat' dir='ltr'>infinitam</span> <span class='ocrx_word' id='word_1_21' title='bbox 885 955 1061 1022; x_wconf 76' lang='lat' dir='ltr'>alliciendi</span> <span class='ocrx_word' id='word_1_22' title='bbox 1085 967 1215 1023; x_wconf 84' lang='lat' dir='ltr'>monlon</span> 
     </span>
     <span class='ocr_line' id='line_1_5' title="bbox 334 1060 1218 1144; baseline 0.001 -19"><span class='ocrx_word' id='word_1_23' title='bbox 334 1061 376 1125; x_wconf 89' lang='lat' dir='ltr'>ad</span> <span class='ocrx_word' id='word_1_24' title='bbox 399 1062 449 1126; x_wconf 90' lang='lat' dir='ltr'>sui</span> <span class='ocrx_word' id='word_1_25' title='bbox 468 1062 625 1126; x_wconf 77' lang='lat' dir='ltr'>amarem:</span> <span class='ocrx_word' id='word_1_26' title='bbox 649 1068 681 1125; x_wconf 84' lang='lat' dir='ltr'>et</span> <span class='ocrx_word' id='word_1_27' title='bbox 704 1062 852 1144; x_wconf 86' lang='lat' dir='ltr'>quamvis</span> <span class='ocrx_word' id='word_1_28' title='bbox 875 1081 912 1126; x_wconf 90' lang='lat' dir='ltr'>re</span> <span class='ocrx_word' id='word_1_29' title='bbox 928 1060 1003 1143; x_wconf 84' lang='lat' dir='ltr'>ipsa</span> <span class='ocrx_word' id='word_1_30' title='bbox 1027 1081 1098 1127; x_wconf 89' lang='lat' dir='ltr'>nun</span> <span class='ocrx_word' id='word_1_31' title='bbox 1122 1064 1218 1129; x_wconf 83' lang='lat' dir='ltr'>trahat</span> 
     </span>
     <span class='ocr_line' id='line_1_6' title="bbox 331 1164 1216 1249; baseline 0 -18"><span class='ocrx_word' id='word_1_32' title='bbox 331 1173 454 1231; x_wconf 79' lang='lat' dir='ltr'>menter</span> <span class='ocrx_word' id='word_1_33' title='bbox 486 1168 652 1231; x_wconf 86' lang='lat' dir='ltr'>beatorum</span> <span class='ocrx_word' id='word_1_34' title='bbox 685 1164 825 1249; x_wconf 86' lang='lat' dir='ltr'>infinite,</span> <span class='ocrx_word' id='word_1_35' title='bbox 859 1164 1016 1246; x_wconf 89' lang='lat' dir='ltr'>eoquod</span> <span class='ocrx_word' id='word_1_36' title='bbox 1051 1168 1143 1234; x_wconf 87' lang='lat' dir='ltr'>visio</span> <span class='ocrx_word' id='word_1_37' title='bbox 1165 1187 1216 1233; x_wconf 91' lang='lat' dir='ltr'>nou</span> 
     </span>
     <span class='ocr_line' id='line_1_7' title="bbox 334 1268 1217 1355; baseline 0.002 -20"><span class='ocrx_word' id='word_1_38' title='bbox 334 1271 376 1335; x_wconf 86' lang='lat' dir='ltr'>sit</span> <span class='ocrx_word' id='word_1_39' title='bbox 409 1270 618 1353; x_wconf 83' lang='lat' dir='ltr'>perfeetionis</span> <span class='ocrx_word' id='word_1_40' title='bbox 652 1268 818 1351; x_wconf 85' lang='lat' dir='ltr'>infinitae,</span> <span class='ocrx_word' id='word_1_41' title='bbox 849 1271 895 1333; x_wconf 85' lang='lat' dir='ltr'>ita</span> <span class='ocrx_word' id='word_1_42' title='bbox 927 1275 1038 1333; x_wconf 85' lang='lat' dir='ltr'>tamen</span> <span class='ocrx_word' id='word_1_43' title='bbox 1072 1281 1217 1355; x_wconf 83' lang='lat' dir='ltr'>polenler</span> 
     </span>
     <span class='ocr_line' id='line_1_8' title="bbox 333 1374 1217 1462; baseline 0.006 -24"><span class='ocrx_word' id='word_1_44' title='bbox 333 1374 438 1453; x_wconf 83' lang='lat' dir='ltr'>trahit,</span> <span class='ocrx_word' id='word_1_45' title='bbox 454 1380 488 1437; x_wconf 89' lang='lat' dir='ltr'>ut</span> <span class='ocrx_word' id='word_1_46' title='bbox 504 1392 616 1439; x_wconf 84' lang='lat' dir='ltr'>omnes</span> <span class='ocrx_word' id='word_1_47' title='bbox 628 1375 816 1439; x_wconf 77' lang='lat' dir='ltr'>necessario</span> <span class='ocrx_word' id='word_1_48' title='bbox 831 1374 918 1438; x_wconf 91' lang='lat' dir='ltr'>illum</span> <span class='ocrx_word' id='word_1_49' title='bbox 931 1382 1052 1457; x_wconf 84' lang='lat' dir='ltr'>ament,</span> <span class='ocrx_word' id='word_1_50' title='bbox 1069 1396 1138 1442; x_wconf 89' lang='lat' dir='ltr'>neo</span> <span class='ocrx_word' id='word_1_51' title='bbox 1151 1395 1217 1462; x_wconf 86' lang='lat' dir='ltr'>pos·</span> 
     </span>
     <span class='ocr_line' id='line_1_9' title="bbox 331 1476 1215 1561; baseline 0.003 -19"><span class='ocrx_word' id='word_1_52' title='bbox 331 1477 397 1542; x_wconf 86' lang='lat' dir='ltr'>sint</span> <span class='ocrx_word' id='word_1_53' title='bbox 419 1476 485 1541; x_wconf 94' lang='lat' dir='ltr'>ullo</span> <span class='ocrx_word' id='word_1_54' title='bbox 502 1477 597 1541; x_wconf 87' lang='lat' dir='ltr'>modo</span> <span class='ocrx_word' id='word_1_55' title='bbox 613 1478 817 1561; x_wconf 79' lang='lat' dir='ltr'>suspendere</span> <span class='ocrx_word' id='word_1_56' title='bbox 840 1484 896 1541; x_wconf 86' lang='lat' dir='ltr'>aut</span> <span class='ocrx_word' id='word_1_57' title='bbox 917 1476 1081 1543; x_wconf 82' lang='lat' dir='ltr'>cohibere</span> <span class='ocrx_word' id='word_1_58' title='bbox 1106 1484 1215 1549; x_wconf 81' lang='lat' dir='ltr'>amoris</span> 
     </span>
     <span class='ocr_line' id='line_1_10' title="bbox 334 1580 1215 1667; baseline 0.007 -21"><span class='ocrx_word' id='word_1_59' title='bbox 334 1590 449 1646; x_wconf 85' lang='lat' dir='ltr'>aulum.</span> <span class='ocrx_word' id='word_1_60' title='bbox 488 1580 608 1646; x_wconf 84' lang='lat' dir='ltr'>Verum</span> <span class='ocrx_word' id='word_1_61' title='bbox 625 1600 688 1664; x_wconf 91' lang='lat' dir='ltr'>quo</span> <span class='ocrx_word' id='word_1_62' title='bbox 705 1581 811 1667; x_wconf 85' lang='lat' dir='ltr'>major</span> <span class='ocrx_word' id='word_1_63' title='bbox 827 1582 911 1646; x_wconf 87' lang='lat' dir='ltr'>haeo</span> <span class='ocrx_word' id='word_1_64' title='bbox 925 1582 1119 1649; x_wconf 73' lang='lat' dir='ltr'>nenessitas</span> <span class='ocrx_word' id='word_1_65' title='bbox 1137 1604 1215 1651; x_wconf 86' lang='lat' dir='ltr'>ano·</span> 
     </span>
     <span class='ocr_line' id='line_1_11' title="bbox 331 1676 1046 1768; baseline 0.001 -19"><span class='ocrx_word' id='word_1_66' title='bbox 331 1687 387 1768; x_wconf 89' lang='lat' dir='ltr'>ris,</span> <span class='ocrx_word' id='word_1_67' title='bbox 407 1703 448 1752; x_wconf 88' lang='lat' dir='ltr'>eo</span> <span class='ocrx_word' id='word_1_68' title='bbox 471 1705 559 1759; x_wconf 87' lang='lat' dir='ltr'>mens</span> <span class='ocrx_word' id='word_1_69' title='bbox 582 1686 717 1752; x_wconf 81' lang='lat' dir='ltr'>beatior.</span> <span class='ocrx_word' id='word_1_70' title='bbox 759 1763 761 1765; x_wconf 17' lang='lat'>¹</span> <span class='ocrx_word' id='word_1_71' title='bbox 832 1676 834 1680; x_wconf 44' lang='lat'><em>⁴</em></span> <span class='ocrx_word' id='word_1_72' title='bbox 958 1676 962 1683; x_wconf 80' lang='grc'><strong>’</strong></span> <span class='ocrx_word' id='word_1_73' title='bbox 1044 1697 1046 1702; x_wconf 89' lang='grc'><strong><em>·</em></strong></span> 
     </span>
    </p>
   </div>
   <div class='ocr_carea' id='block_1_3' title="bbox 541 1880 1161 2143">
    <p class='ocr_par' dir='ltr' id='par_1_3' title="bbox 541 1880 1161 2143">
     <span class='ocr_line' id='line_1_12' title="bbox 679 1880 1062 2016; baseline 0.008 -38"><span class='ocrx_word' id='word_1_74' title='bbox 679 1880 868 1982; x_wconf 72' lang='lat' dir='ltr'>susurrio.</span> <span class='ocrx_word' id='word_1_75' title='bbox 978 1902 1007 2016; x_wconf 74' lang='grc' dir='ltr'> </span> <span class='ocrx_word' id='word_1_76' title='bbox 1040 1908 1062 2015; x_wconf 85' lang='grc' dir='ltr'> </span> 
     </span>
     <span class='ocr_line' id='line_1_13' title="bbox 541 2019 1161 2143; baseline 0.002 -24"><span class='ocrx_word' id='word_1_77' title='bbox 541 2055 598 2120; x_wconf 81' lang='lat' dir='ltr'>Ad</span> <span class='ocrx_word' id='word_1_78' title='bbox 618 2056 898 2143; x_wconf 76' lang='lat' dir='ltr'>pulchritudinem</span> <span class='ocrx_word' id='word_1_79' title='bbox 921 2019 996 2119; x_wconf 81' lang='lat' dir='ltr'>Dei.</span> <span class='ocrx_word' id='word_1_80' title='bbox 1159 2127 1161 2134; x_wconf 32' lang='lat'><strong>¹</strong></span> 
     </span>
    </p>
   </div>
   <div class='ocr_carea' id='block_1_4' title="bbox 543 2187 996 2268">
    <p class='ocr_par' dir='ltr' id='par_1_4' title="bbox 543 2187 996 2268">
     <span class='ocr_line' id='line_1_14' title="bbox 543 2187 996 2268; baseline 0 -25"><span class='ocrx_word' id='word_1_81' title='bbox 543 2187 582 2243; x_wconf 85' lang='lat' dir='ltr'>llx</span> <span class='ocrx_word' id='word_1_82' title='bbox 601 2187 649 2244; x_wconf 88' lang='lat' dir='ltr'>lib.</span> <span class='ocrx_word' id='word_1_83' title='bbox 668 2190 693 2247; x_wconf 91' lang='grc'>6.</span> <span class='ocrx_word' id='word_1_84' title='bbox 712 2190 745 2244; x_wconf 82' lang='lat' dir='ltr'>de</span> <span class='ocrx_word' id='word_1_85' title='bbox 762 2187 874 2257; x_wconf 79' lang='lat' dir='ltr'>Perseot.</span> <span class='ocrx_word' id='word_1_86' title='bbox 892 2201 952 2268; x_wconf 83' lang='lat' dir='ltr'>oap.</span> <span class='ocrx_word' id='word_1_87' title='bbox 971 2190 996 2246; x_wconf 87' lang='grc'>6.</span> 
     </span>
    </p>
   </div>
   <div class='ocr_carea' id='block_1_5' title="bbox 324 2318 1210 3543">
    <p class='ocr_par' dir='ltr' id='par_1_5' title="bbox 325 2318 1210 3021">
     <span class='ocr_line' id='line_1_15' title="bbox 372 2318 1208 2404; baseline 0.007 -23"><span class='ocrx_word' id='word_1_88' title='bbox 372 2318 456 2383; x_wconf 83' lang='lat' dir='ltr'>Deus</span> <span class='ocrx_word' id='word_1_89' title='bbox 471 2334 567 2395; x_wconf 83' lang='lat' dir='ltr'>meus,</span> <span class='ocrx_word' id='word_1_90' title='bbox 590 2335 680 2382; x_wconf 85' lang='lat' dir='ltr'>umor</span> <span class='ocrx_word' id='word_1_91' title='bbox 702 2336 741 2382; x_wconf 81' lang='lat' dir='ltr'>eu</span> <span class='ocrx_word' id='word_1_92' title='bbox 763 2337 822 2400; x_wconf 79' lang='lat' dir='ltr'>quo</span> <span class='ocrx_word' id='word_1_93' title='bbox 842 2336 948 2385; x_wconf 83' lang='lat' dir='ltr'>ornnes</span> <span class='ocrx_word' id='word_1_94' title='bbox 962 2336 1095 2386; x_wconf 82' lang='lat' dir='ltr'>umores</span> <span class='ocrx_word' id='word_1_95' title='bbox 1111 2320 1208 2404; x_wconf 74' lang='lat' dir='ltr'>fluunl</span> 
     </span>
     <span class='ocr_line' id='line_1_16' title="bbox 329 2417 1208 2511; baseline 0.005 -24"><span class='ocrx_word' id='word_1_96' title='bbox 329 2440 384 2487; x_wconf 82' lang='lat' dir='ltr'>eur</span> <span class='ocrx_word' id='word_1_97' title='bbox 414 2441 477 2487; x_wconf 87' lang='lat' dir='ltr'>nou</span> <span class='ocrx_word' id='word_1_98' title='bbox 512 2422 659 2487; x_wconf 68' lang='lat' dir='ltr'>uosunur‘</span> <span class='ocrx_word' id='word_1_99' title='bbox 680 2421 750 2511; x_wconf 82' lang='lat' dir='ltr'>loo¹</span> <span class='ocrx_word' id='word_1_100' title='bbox 765 2425 835 2503; x_wconf 73' lang='lat' dir='ltr'>iuna</span> <span class='ocrx_word' id='word_1_101' title='bbox 865 2426 983 2486; x_wconf 74' lang='lat' dir='ltr'>umerus</span> <span class='ocrx_word' id='word_1_102' title='bbox 1013 2417 1085 2490; x_wconf 76' lang='lat' dir='ltr'>lui!</span> <span class='ocrx_word' id='word_1_103' title='bbox 1133 2426 1208 2491; x_wconf 76' lang='lat' dir='ltr'>Deus</span> 
     </span>
     <span class='ocr_line' id='line_1_17' title="bbox 328 2518 1208 2609; baseline 0.003 -18"><span class='ocrx_word' id='word_1_104' title='bbox 328 2544 430 2606; x_wconf 81' lang='lat' dir='ltr'>rneus,</span> <span class='ocrx_word' id='word_1_105' title='bbox 461 2526 583 2591; x_wconf 76' lang='lat' dir='ltr'>bonitus</span> <span class='ocrx_word' id='word_1_106' title='bbox 604 2528 688 2608; x_wconf 81' lang='lat' dir='ltr'>ipsu,</span> <span class='ocrx_word' id='word_1_107' title='bbox 717 2545 775 2609; x_wconf 82' lang='lat' dir='ltr'>per</span> <span class='ocrx_word' id='word_1_108' title='bbox 797 2518 886 2609; x_wconf 61' lang='lat' dir='ltr'>qum</span> <span class='ocrx_word' id='word_1_109' title='bbox 908 2525 990 2590; x_wconf 79' lang='lat' dir='ltr'>bonu</span> <span class='ocrx_word' id='word_1_110' title='bbox 1013 2536 1092 2594; x_wconf 85' lang='lat' dir='ltr'>sunl</span> <span class='ocrx_word' id='word_1_111' title='bbox 1114 2531 1208 2594; x_wconf 81' lang='lat' dir='ltr'>omniu</span> 
     </span>
     <span class='ocr_line' id='line_1_18' title="bbox 330 2630 1208 2714; baseline 0.003 -21"><span class='ocrx_word' id='word_1_112' title='bbox 330 2648 410 2711; x_wconf 80' lang='lat' dir='ltr'>uuue</span> <span class='ocrx_word' id='word_1_113' title='bbox 429 2630 509 2695; x_wconf 78' lang='lat' dir='ltr'>bonu</span> <span class='ocrx_word' id='word_1_114' title='bbox 531 2634 618 2707; x_wconf 79' lang='lat' dir='ltr'>sunl,</span> <span class='ocrx_word' id='word_1_115' title='bbox 651 2646 749 2710; x_wconf 79' lang='lat' dir='ltr'>quare</span> <span class='ocrx_word' id='word_1_116' title='bbox 771 2648 832 2693; x_wconf 90' lang='lat' dir='ltr'>non</span> <span class='ocrx_word' id='word_1_117' title='bbox 855 2646 955 2693; x_wconf 84' lang='lat' dir='ltr'>amem</span> <span class='ocrx_word' id='word_1_118' title='bbox 968 2634 1025 2714; x_wconf 81' lang='lat' dir='ltr'>¹lu,</span> <span class='ocrx_word' id='word_1_119' title='bbox 1055 2649 1130 2696; x_wconf 85' lang='lat' dir='ltr'>oum</span> <span class='ocrx_word' id='word_1_120' title='bbox 1151 2632 1208 2696; x_wconf 83' lang='lat' dir='ltr'>suu</span> 
     </span>
     <span class='ocr_line' id='line_1_19' title="bbox 330 2731 1208 2822; baseline 0.006 -27"><span class='ocrx_word' id='word_1_121' title='bbox 330 2734 448 2798; x_wconf 77' lang='lat' dir='ltr'>arnonis</span> <span class='ocrx_word' id='word_1_122' title='bbox 465 2735 597 2797; x_wconf 72' lang='lat' dir='ltr'>materno</span> <span class='ocrx_word' id='word_1_123' title='bbox 618 2735 660 2797; x_wconf 83' lang='lat' dir='ltr'>sil</span> <span class='ocrx_word' id='word_1_124' title='bbox 675 2731 818 2796; x_wconf 79' lang='lat' dir='ltr'>lenitus!</span> <span class='ocrx_word' id='word_1_125' title='bbox 860 2732 945 2822; x_wconf 80' lang='lat' dir='ltr'>Deus</span> <span class='ocrx_word' id='word_1_126' title='bbox 959 2750 1059 2813; x_wconf 86' lang='lat' dir='ltr'>meus,</span> <span class='ocrx_word' id='word_1_127' title='bbox 1077 2734 1208 2817; x_wconf 73' lang='lat' dir='ltr'>pulchri·</span> 
     </span>
     <span class='ocr_line' id='line_1_20' title="bbox 328 2835 1209 2918; baseline 0.005 -19"><span class='ocrx_word' id='word_1_128' title='bbox 328 2836 410 2914; x_wconf 85' lang='lat' dir='ltr'>ludo,</span> <span class='ocrx_word' id='word_1_129' title='bbox 433 2854 453 2899; x_wconf 87' lang='lat' dir='ltr'><em>u</em></span> <span class='ocrx_word' id='word_1_130' title='bbox 477 2854 535 2918; x_wconf 83' lang='lat' dir='ltr'>quo</span> <span class='ocrx_word' id='word_1_131' title='bbox 558 2838 659 2901; x_wconf 80' lang='lat' dir='ltr'>omnis</span> <span class='ocrx_word' id='word_1_132' title='bbox 686 2835 893 2917; x_wconf 74' lang='lat' dir='ltr'>pulchritudo,</span> <span class='ocrx_word' id='word_1_133' title='bbox 925 2853 1023 2918; x_wconf 78' lang='lat' dir='ltr'>quoru</span> <span class='ocrx_word' id='word_1_134' title='bbox 1053 2858 1121 2905; x_wconf 84' lang='lat' dir='ltr'>uon</span> <span class='ocrx_word' id='word_1_135' title='bbox 1148 2857 1209 2905; x_wconf 87' lang='lat' dir='ltr'>unu</span> 
     </span>
     <span class='ocr_line' id='line_1_21' title="bbox 325 2939 1210 3021; baseline 0.005 -18"><span class='ocrx_word' id='word_1_136' title='bbox 325 2948 363 3019; x_wconf 84' lang='lat' dir='ltr'>le,</span> <span class='ocrx_word' id='word_1_137' title='bbox 379 2959 448 3004; x_wconf 81' lang='lat' dir='ltr'>nuru</span> <span class='ocrx_word' id='word_1_138' title='bbox 463 2939 656 3021; x_wconf 75' lang='lat' dir='ltr'>pulchritudo</span> <span class='ocrx_word' id='word_1_139' title='bbox 666 2943 712 3004; x_wconf 81' lang='lat' dir='ltr'>sio</span> <span class='ocrx_word' id='word_1_140' title='bbox 728 2943 834 3021; x_wconf 80' lang='lat' dir='ltr'>rupiut</span> <span class='ocrx_word' id='word_1_141' title='bbox 844 2943 981 3007; x_wconf 85' lang='lat' dir='ltr'>omnium</span> <span class='ocrx_word' id='word_1_142' title='bbox 996 2944 1099 3008; x_wconf 83' lang='lat' dir='ltr'>cordo</span> <span class='ocrx_word' id='word_1_143' title='bbox 1115 2946 1158 3009; x_wconf 85' lang='lat' dir='ltr'>ud</span> <span class='ocrx_word' id='word_1_144' title='bbox 1167 2944 1210 3009; x_wconf 77' lang='lat' dir='ltr'>rel</span> 
     </span>
    </p>

    <p class='ocr_par' dir='ltr' id='par_1_6' title="bbox 324 3044 1209 3543">
     <span class='ocr_line' id='line_1_22' title="bbox 371 3044 1208 3130; baseline 0.005 -23"><span class='ocrx_word' id='word_1_145' title='bbox 371 3044 419 3107; x_wconf 83' lang='lat' dir='ltr'>&#39;lu</span> <span class='ocrx_word' id='word_1_146' title='bbox 442 3045 514 3109; x_wconf 89' lang='lat' dir='ltr'>lons</span> <span class='ocrx_word' id='word_1_147' title='bbox 545 3046 647 3106; x_wconf 88' lang='lat' dir='ltr'>omnis</span> <span class='ocrx_word' id='word_1_148' title='bbox 684 3044 811 3127; x_wconf 75' lang='lat' dir='ltr'>pulchri</span> <span class='ocrx_word' id='word_1_149' title='bbox 842 3051 875 3108; x_wconf 85' lang='lat' dir='ltr'>et</span> <span class='ocrx_word' id='word_1_150' title='bbox 908 3045 1083 3130; x_wconf 84' lang='lat' dir='ltr'>amabilis,</span> <span class='ocrx_word' id='word_1_151' title='bbox 1116 3050 1208 3113; x_wconf 89' lang='lat' dir='ltr'>omnis</span> 
     </span>
     <span class='ocr_line' id='line_1_23' title="bbox 324 3146 1207 3235; baseline 0.006 -24"><span class='ocrx_word' id='word_1_152' title='bbox 324 3148 449 3212; x_wconf 82' lang='lat' dir='ltr'>formae</span> <span class='ocrx_word' id='word_1_153' title='bbox 473 3154 505 3212; x_wconf 85' lang='lat' dir='ltr'>et</span> <span class='ocrx_word' id='word_1_154' title='bbox 528 3148 663 3230; x_wconf 78' lang='lat' dir='ltr'>speciei,</span> <span class='ocrx_word' id='word_1_155' title='bbox 686 3147 790 3211; x_wconf 85' lang='lat' dir='ltr'>omnis</span> <span class='ocrx_word' id='word_1_156' title='bbox 814 3146 937 3213; x_wconf 88' lang='lat' dir='ltr'>ordinis</span> <span class='ocrx_word' id='word_1_157' title='bbox 960 3154 994 3211; x_wconf 86' lang='lat' dir='ltr'>ot</span> <span class='ocrx_word' id='word_1_158' title='bbox 1015 3154 1207 3235; x_wconf 80' lang='lat' dir='ltr'>proportio·</span> 
     </span>
     <span class='ocr_line' id='line_1_24' title="bbox 326 3249 1208 3338; baseline 0.005 -23"><span class='ocrx_word' id='word_1_159' title='bbox 326 3251 383 3329; x_wconf 92' lang='lat' dir='ltr'>nis,</span> <span class='ocrx_word' id='word_1_160' title='bbox 407 3252 508 3316; x_wconf 85' lang='lat' dir='ltr'>omnis</span> <span class='ocrx_word' id='word_1_161' title='bbox 532 3254 765 3334; x_wconf 81' lang='lat' dir='ltr'>congruentiae</span> <span class='ocrx_word' id='word_1_162' title='bbox 797 3261 831 3316; x_wconf 85' lang='lat' dir='ltr'>et</span> <span class='ocrx_word' id='word_1_163' title='bbox 854 3249 1079 3338; x_wconf 74' lang='lat' dir='ltr'>concordiae,¹</span> <span class='ocrx_word' id='word_1_164' title='bbox 1107 3258 1208 3322; x_wconf 85' lang='lat' dir='ltr'>omnis</span> 
     </span>
     <span class='ocr_line' id='line_1_25' title="bbox 324 3353 1209 3440; baseline 0.007 -21"><span class='ocrx_word' id='word_1_165' title='bbox 324 3355 525 3440; x_wconf 81' lang='lat' dir='ltr'>sympathiae</span> <span class='ocrx_word' id='word_1_166' title='bbox 547 3363 580 3420; x_wconf 85' lang='lat' dir='ltr'>et</span> <span class='ocrx_word' id='word_1_167' title='bbox 606 3355 815 3440; x_wconf 72' lang='lat' dir='ltr'>antipathiam.</span> <span class='ocrx_word' id='word_1_168' title='bbox 860 3353 910 3420; x_wconf 77' lang='lat' dir='ltr'>Tu</span> <span class='ocrx_word' id='word_1_169' title='bbox 932 3358 1085 3424; x_wconf 83' lang='lat' dir='ltr'>omuibus</span> <span class='ocrx_word' id='word_1_170' title='bbox 1108 3362 1143 3426; x_wconf 91' lang='lat' dir='ltr'>iu</span> <span class='ocrx_word' id='word_1_171' title='bbox 1164 3380 1209 3425; x_wconf 85' lang='lat' dir='ltr'>re·</span> 
     </span>
     <span class='ocr_line' id='line_1_26' title="bbox 326 3459 1208 3543; baseline 0.009 -21"><span class='ocrx_word' id='word_1_172' title='bbox 326 3460 384 3524; x_wconf 90' lang='lat' dir='ltr'>bus</span> <span class='ocrx_word' id='word_1_173' title='bbox 403 3468 548 3524; x_wconf 83' lang='lat' dir='ltr'>naturam</span> <span class='ocrx_word' id='word_1_174' title='bbox 564 3466 596 3524; x_wconf 84' lang='lat' dir='ltr'>et</span> <span class='ocrx_word' id='word_1_175' title='bbox 618 3461 764 3543; x_wconf 82' lang='lat' dir='ltr'>speeiem</span> <span class='ocrx_word' id='word_1_176' title='bbox 788 3459 917 3542; x_wconf 80' lang='lat' dir='ltr'>finxisti,</span> <span class='ocrx_word' id='word_1_177' title='bbox 949 3469 984 3527; x_wconf 82' lang='lat' dir='ltr'>et</span> <span class='ocrx_word' id='word_1_178' title='bbox 1012 3463 1048 3527; x_wconf 88' lang='lat' dir='ltr'>in</span> <span class='ocrx_word' id='word_1_179' title='bbox 1077 3467 1208 3532; x_wconf 80' lang='lat' dir='ltr'>omniun</span> 
     </span>
    </p>
   </div>
   <div class='ocr_carea' id='block_1_6' title="bbox 0 0 1414 4317">
    <p class='ocr_par' dir='ltr' id='par_1_7' title="bbox 0 0 1414 4317">
     <span class='ocr_line' id='line_1_27' title="bbox 0 0 1414 4317; baseline 0 0"><span class='ocrx_word' id='word_1_180' title='bbox 0 0 1414 4317; x_wconf 95' lang='lat' dir='ltr'> </span> 
     </span>
    </p>
   </div>
  </div>
 </body>
</html>
