2817 4317
271 562 335 636 156

269 763 437 826 ornaturus
471 757 692 841 intelligentes
728 765 883 824 tenemus.
943 760 1086 827 Nihilom

270 880 351 947 prae
373 861 513 927 eaeteris
535 863 683 929 omnibus
703 880 764 929 nos
787 863 946 947 dilexisti,
970 872 1006 930 et
1028 864 1086 930 div

268 967 421 1034 bonitatis
443 974 518 1032 tune
540 966 707 1051 copiosius
738 968 771 1031 in
805 986 867 1033 nos
900 968 1063 1035 effudisti.

269 1073 381 1137 mirum
396 1071 459 1137 hoo
481 1075 533 1134 est
553 1071 764 1153 benignitatis
786 1072 960 1156 ingenium,
985 1073 1085 1138 demit

270 1197 309 1241 se
331 1176 373 1240 ad
393 1174 509 1255 infime,
532 1193 647 1239 ourure
670 1175 813 1256 infirma,
836 1177 996 1257 oolligere
1018 1176 1085 1262 abj·

270 1278 421 1344 attollere
442 1278 587 1360 humilia,
618 1287 651 1343 et
683 1281 737 1344 ubi
769 1278 876 1364 major
898 1288 953 1345 est
973 1280 1085 1365 inopis

269 1381 375 1465 magis
399 1401 477 1445 suus
498 1401 581 1465 opes
604 1400 746 1464 erogare
769 1392 803 1447 et
820 1401 916 1467 opem
939 1386 1040 1449 lemn.

313 1486 340 1550 0
376 1504 469 1568 quem
504 1485 636 1568 profusa
672 1487 862 1568 benignitate
896 1490 929 1553 id
965 1495 1085 1570 praest-

270 1609 288 1655 o
311 1607 401 1655 umor
418 1592 564 1656 aeterne!
585 1596 775 1673 praesertim
798 1595 831 1656 in
854 1596 992 1674 tempore
1014 1598 1085 1659 mitt

273 1694 470 1776 Unigenitum
488 1699 590 1774 tunm,
610 1697 662 1776 nui
683 1701 782 1760 morte
808 1713 868 1761 sne
889 1713 947 1761 nos
969 1699 1082 1763 nedem

270 1806 411 1865 emente
442 1802 587 1865 continuo
609 1802 712 1880 posuit
742 1817 888 1882 empore,
921 1807 951 1866 et
972 1809 1068 1883 potat

193 1899 196 1904 ’
272 1906 387 1983 enine!
427 1893 538 1970 lmem'
556 1908 592 1983 te,
611 1904 697 1969 oens
726 1922 834 1981 meus;
858 1924 960 1971 amem
981 1913 1022 1987 te,
1048 1914 1079 1974 et

267 2005 340 2087 nnn

547 2215 809 2279 CONSlllllllATlO
834 2219 876 2278 Vl.

389 2453 394 2464 Ι
425 2417 429 2424 .
458 2370 507 2433 De
524 2369 599 2447 Dee,
622 2375 657 2435 ut
679 2375 725 2435 est
745 2376 836 2452 peter
857 2375 971 2435 noster.

313 2525 439 2591 Dioitur
459 2531 675 2609 paternoster
710 2525 739 2590 1.
762 2524 889 2590 ratione
904 2531 1064 2608 naturae,

270 2648 332 2694 nos
354 2630 396 2694 nd
429 2631 600 2714 imaginem
624 2634 657 2694 et
690 2627 932 2694 similitudinem
969 2647 1066 2696 suam

269 2733 387 2814 mavit,
409 2741 457 2800 ‘et
491 2751 632 2817 espanes
673 2751 753 2797 suae
792 2731 968 2797 divinitatis
1004 2752 1083 2799 eom

270 2823 354 2902 Hine
376 2856 466 2902 mens
489 2844 602 2904 nostra
634 2855 695 2920 per
726 2834 940 2916 intelleetum‚
972 2855 1083 2904 memo

271 2950 305 3005 et
327 2940 528 3008 voluntatem
555 2940 655 3005 habet
688 2939 875 3004 immensam
908 2940 1075 3021 quandum

271 3043 461 3126 p'litudinem
491 3051 526 3109 et
547 3042 780 3127 eapneitatem,
812 3060 876 3123 qua
904 3051 1017 3126 potest
1052 3067 1083 3111 si

269 3147 392 3222 infinite
414 3146 610 3229 extendere,
642 3153 675 3211 et
709 3143 830 3209 infinita
851 3145 883 3207 in
907 3165 944 3210 se
967 3152 1082 3235 eompl

266 3252 399 3333 infinie,
418 3252 568 3335 inquum3
591 3251 667 3333 quia
690 3250 760 3313 sine
786 3248 979 3333 ineolumi,
1002 3260 1082 3338 etp

268 3354 353 3421 adeo
384 3362 420 3420 ut
455 3353 650 3439 oupuoitatis
672 3353 776 3436 ipsius
798 3352 903 3417 nullus
927 3354 970 3418 sit
992 3363 1080 3423 term

266 3457 333 3524 lmo
354 3457 402 3525 ita
423 3478 484 3542 pen
507 3457 613 3524 lumen
643 3456 771 3539 gloriae
797 3464 908 3541 potest
932 3461 1082 3543 expandi
