<?xml version="1.0" encoding="UTF-8"?>
<!DOCTYPE html PUBLIC "-//W3C//DTD XHTML 1.0 Transitional//EN"
    "http://www.w3.org/TR/xhtml1/DTD/xhtml1-transitional.dtd">
<html xmlns="http://www.w3.org/1999/xhtml" xml:lang="en" lang="en">
 <head>
  <title>
</title>
<meta http-equiv="Content-Type" content="text/html;charset=utf-8" />
  <meta name='ocr-system' content='tesseract 3.04.00' />
  <meta name='ocr-capabilities' content='ocr_page ocr_carea ocr_par ocr_line ocrx_word'/>
</head>
<body>
  <div class='ocr_page' id='page_1' title='image "./leonardilessiio00lessgoog_0184.png"; bbox 0 0 2817 4317; ppageno 0'>
   <div class='ocr_carea' id='block_1_1' title="bbox 1064 546 1126 614">
    <p class='ocr_par' dir='ltr' id='par_1_1' title="bbox 1064 546 1126 614">
     <span class='ocr_line' id='line_1_1' title="bbox 1064 546 1126 614; baseline -0.016 0"><span class='ocrx_word' id='word_1_1' title='bbox 1064 546 1126 614; x_wconf 87' lang='grc'><strong>183</strong></span> 
     </span>
    </p>
   </div>
   <div class='ocr_carea' id='block_1_2' title="bbox 248 742 1127 1450">
    <p class='ocr_par' dir='ltr' id='par_1_2' title="bbox 248 742 1126 933">
     <span class='ocr_line' id='line_1_2' title="bbox 292 742 1126 826; baseline -0.007 -18"><span class='ocrx_word' id='word_1_2' title='bbox 292 746 322 808; x_wconf 80' lang='lat' dir='ltr'><strong>d.</strong></span> <span class='ocrx_word' id='word_1_3' title='bbox 346 742 452 826; x_wconf 84' lang='lat' dir='ltr'><strong>Ipsius</strong></span> <span class='ocrx_word' id='word_1_4' title='bbox 492 763 556 825; x_wconf 84' lang='lat' dir='ltr'><strong>ope</strong></span> <span class='ocrx_word' id='word_1_5' title='bbox 597 744 626 806; x_wconf 89' lang='lat' dir='ltr'><strong>in</strong></span> <span class='ocrx_word' id='word_1_6' title='bbox 666 746 763 807; x_wconf 84' lang='lat' dir='ltr'><strong>robus</strong></span> <span class='ocrx_word' id='word_1_7' title='bbox 799 743 910 805; x_wconf 83' lang='lat' dir='ltr'>arduis</span> <span class='ocrx_word' id='word_1_8' title='bbox 943 747 1126 823; x_wconf 80' lang='lat' dir='ltr'><strong>praestatur</strong></span> 
     </span>
     <span class='ocr_line' id='line_1_3' title="bbox 248 848 506 933; baseline -0.012 -19"><span class='ocrx_word' id='word_1_9' title='bbox 248 848 506 933; x_wconf 77' lang='lat' dir='ltr'><strong>perseverantia.</strong></span> 
     </span>
    </p>

    <p class='ocr_par' dir='ltr' id='par_1_3' title="bbox 248 948 1127 1121">
     <span class='ocr_line' id='line_1_4' title="bbox 291 948 1127 1035; baseline -0.005 -18"><span class='ocrx_word' id='word_1_10' title='bbox 291 953 320 1017; x_wconf 90' lang='lat'><strong>5.</strong></span> <span class='ocrx_word' id='word_1_11' title='bbox 344 952 450 1035; x_wconf 90' lang='lat' dir='ltr'><strong>lpsius</strong></span> <span class='ocrx_word' id='word_1_12' title='bbox 473 971 537 1035; x_wconf 86' lang='lat' dir='ltr'><strong>opo</strong></span> <span class='ocrx_word' id='word_1_13' title='bbox 560 950 786 1017; x_wconf 76' lang='lat' dir='ltr'><strong>conscenditur</strong></span> <span class='ocrx_word' id='word_1_14' title='bbox 810 948 843 1011; x_wconf 94' lang='lat' dir='ltr'><strong>iu</strong></span> <span class='ocrx_word' id='word_1_15' title='bbox 859 949 992 1030; x_wconf 83' lang='lat' dir='ltr'><strong>coelum,</strong></span> <span class='ocrx_word' id='word_1_16' title='bbox 1016 956 1049 1012; x_wconf 85' lang='lat' dir='ltr'><strong>st</strong></span> <span class='ocrx_word' id='word_1_17' title='bbox 1071 970 1127 1013; x_wconf 87' lang='lat' dir='ltr'><strong>aa·</strong></span> 
     </span>
     <span class='ocr_line' id='line_1_5' title="bbox 248 1056 628 1121; baseline -0.005 0"><span class='ocrx_word' id='word_1_18' title='bbox 248 1066 343 1121; x_wconf 86' lang='lat' dir='ltr'><strong>torna</strong></span> <span class='ocrx_word' id='word_1_19' title='bbox 364 1058 431 1121; x_wconf 89' lang='lat' dir='ltr'><strong>vita</strong></span> <span class='ocrx_word' id='word_1_20' title='bbox 457 1056 628 1121; x_wconf 82' lang='lat' dir='ltr'><strong>obtinetur.</strong></span> 
     </span>
    </p>

    <p class='ocr_par' dir='ltr' id='par_1_4' title="bbox 249 1159 1127 1450">
     <span class='ocr_line' id='line_1_6' title="bbox 291 1159 1127 1244; baseline -0.002 -19"><span class='ocrx_word' id='word_1_21' title='bbox 291 1162 447 1244; x_wconf 86' lang='lat' dir='ltr'><strong>Denique,</strong></span> <span class='ocrx_word' id='word_1_22' title='bbox 467 1160 539 1242; x_wconf 83' lang='lat' dir='ltr'><strong>ipso</strong></span> <span class='ocrx_word' id='word_1_23' title='bbox 562 1168 612 1224; x_wconf 87' lang='lat' dir='ltr'><strong>ast</strong></span> <span class='ocrx_word' id='word_1_24' title='bbox 634 1159 792 1225; x_wconf 88' lang='lat' dir='ltr'><strong>fortitudo</strong></span> <span class='ocrx_word' id='word_1_25' title='bbox 813 1160 1025 1241; x_wconf 78' lang='lat' dir='ltr'><strong>&#39;Sanctorum3</strong></span> <span class='ocrx_word' id='word_1_26' title='bbox 1052 1160 1127 1241; x_wconf 86' lang='lat' dir='ltr'><strong>quia</strong></span> 
     </span>
     <span class='ocr_line' id='line_1_7' title="bbox 249 1263 1127 1347; baseline -0.003 -20"><span class='ocrx_word' id='word_1_27' title='bbox 249 1266 350 1347; x_wconf 90' lang='lat' dir='ltr'><strong>ipsius</strong></span> <span class='ocrx_word' id='word_1_28' title='bbox 385 1284 447 1346; x_wconf 85' lang='lat' dir='ltr'><strong>ope</strong></span> <span class='ocrx_word' id='word_1_29' title='bbox 479 1270 614 1346; x_wconf 82' lang='lat' dir='ltr'><strong>possunt</strong></span> <span class='ocrx_word' id='word_1_30' title='bbox 647 1263 766 1342; x_wconf 88' lang='lat' dir='ltr'><strong>omnia,</strong></span> <span class='ocrx_word' id='word_1_31' title='bbox 799 1282 882 1344; x_wconf 83' lang='lat' dir='ltr'><strong>quaa</strong></span> <span class='ocrx_word' id='word_1_32' title='bbox 916 1263 957 1326; x_wconf 94' lang='lat' dir='ltr'><strong>ad</strong></span> <span class='ocrx_word' id='word_1_33' title='bbox 989 1263 1127 1345; x_wconf 81' lang='lat' dir='ltr'><strong>gloriam</strong></span> 
     </span>
     <span class='ocr_line' id='line_1_8' title="bbox 249 1362 904 1450; baseline -0.002 -18"><span class='ocrx_word' id='word_1_34' title='bbox 249 1369 307 1432; x_wconf 80' lang='lat' dir='ltr'><strong>Dei</strong></span> <span class='ocrx_word' id='word_1_35' title='bbox 332 1376 364 1431; x_wconf 89' lang='lat' dir='ltr'><strong>et</strong></span> <span class='ocrx_word' id='word_1_36' title='bbox 383 1362 517 1433; x_wconf 78' lang='lat' dir='ltr'><strong>salutem</strong></span> <span class='ocrx_word' id='word_1_37' title='bbox 540 1368 712 1433; x_wconf 89' lang='lat' dir='ltr'><strong>animarum</strong></span> <span class='ocrx_word' id='word_1_38' title='bbox 736 1368 904 1450; x_wconf 77' lang='lat' dir='ltr'><strong>portinent.</strong></span> 
     </span>
    </p>
   </div>
   <div class='ocr_carea' id='block_1_3' title="bbox 597 1605 782 1662">
    <p class='ocr_par' dir='ltr' id='par_1_5' title="bbox 597 1605 782 1662">
     <span class='ocr_line' id='line_1_9' title="bbox 597 1605 782 1662; baseline -0.005 -2"><span class='ocrx_word' id='word_1_39' title='bbox 597 1605 782 1662; x_wconf 77' lang='lat' dir='ltr'><strong>Pnacnrto.</strong></span> 
     </span>
    </p>
   </div>
   <div class='ocr_carea' id='block_1_4' title="bbox 363 1736 1103 1941">
    <p class='ocr_par' dir='ltr' id='par_1_6' title="bbox 363 1736 1103 1941">
     <span class='ocr_line' id='line_1_10' title="bbox 363 1736 1103 1824; baseline 0.001 -24"><span class='ocrx_word' id='word_1_40' title='bbox 363 1738 419 1801; x_wconf 72' lang='lat' dir='ltr'><strong>Aa</strong></span> <span class='ocrx_word' id='word_1_41' title='bbox 442 1738 558 1813; x_wconf 81' lang='lat' dir='ltr'><strong>Deum,</strong></span> <span class='ocrx_word' id='word_1_42' title='bbox 580 1747 689 1802; x_wconf 77' lang='lat' dir='ltr'><strong>otest</strong></span> <span class='ocrx_word' id='word_1_43' title='bbox 709 1736 869 1824; x_wconf 81' lang='lat' dir='ltr'><strong>fortitudo</strong></span> <span class='ocrx_word' id='word_1_44' title='bbox 889 1749 1012 1803; x_wconf 81' lang='lat' dir='ltr'><strong>nostro.</strong></span> <span class='ocrx_word' id='word_1_45' title='bbox 1101 1812 1103 1815; x_wconf 23' lang='lat'>¹</span> 
     </span>
     <span class='ocr_line' id='line_1_11' title="bbox 448 1852 1055 1941; baseline 0.005 -17"><span class='ocrx_word' id='word_1_46' title='bbox 448 1870 489 1924; x_wconf 74' lang='lat' dir='ltr'><strong>ax</strong></span> <span class='ocrx_word' id='word_1_47' title='bbox 508 1870 555 1923; x_wconf 80' lang='lat' dir='ltr'><strong>no.</strong></span> <span class='ocrx_word' id='word_1_48' title='bbox 577 1873 617 1929; x_wconf 88' lang='lat'><strong>10.</strong></span> <span class='ocrx_word' id='word_1_49' title='bbox 642 1852 803 1941; x_wconf 70' lang='lat' dir='ltr'><strong>derasen.</strong></span> <span class='ocrx_word' id='word_1_50' title='bbox 823 1886 885 1941; x_wconf 65' lang='lat' dir='ltr'><strong>cap.</strong></span> <span class='ocrx_word' id='word_1_51' title='bbox 903 1874 928 1927; x_wconf 77' lang='lat' dir='ltr'><strong>a.</strong></span> <span class='ocrx_word' id='word_1_52' title='bbox 1053 1867 1055 1872; x_wconf 87' lang='grc'><em>·</em></span> 
     </span>
    </p>
   </div>
   <div class='ocr_carea' id='block_1_5' title="bbox 246 1997 1129 2911">
    <p class='ocr_par' dir='ltr' id='par_1_7' title="bbox 246 1997 1127 2287">
     <span class='ocr_line' id='line_1_12' title="bbox 292 1997 1127 2080; baseline 0 -17"><span class='ocrx_word' id='word_1_53' title='bbox 292 1999 427 2079; x_wconf 75' lang='lat' dir='ltr'><strong>Diltpcm</strong></span> <span class='ocrx_word' id='word_1_54' title='bbox 455 2004 499 2079; x_wconf 80' lang='lat' dir='ltr'><strong>te,</strong></span> <span class='ocrx_word' id='word_1_55' title='bbox 528 1997 666 2077; x_wconf 81' lang='lat' dir='ltr'><strong>Domina,</strong></span> <span class='ocrx_word' id='word_1_56' title='bbox 688 1997 942 2080; x_wconf 61' lang='lat' dir='ltr'><strong>fortitudinem·</strong></span> <span class='ocrx_word' id='word_1_57' title='bbox 975 1997 1127 2063; x_wconf 78' lang='lat' dir='ltr'><strong>Dominus</strong></span> 
     </span>
     <span class='ocr_line' id='line_1_13' title="bbox 246 2098 1127 2183; baseline 0.002 -19"><span class='ocrx_word' id='word_1_58' title='bbox 246 2102 476 2183; x_wconf 74' lang='lat' dir='ltr'><strong>firmamentum</strong></span> <span class='ocrx_word' id='word_1_59' title='bbox 499 2118 609 2180; x_wconf 83' lang='lat' dir='ltr'><strong>meam,</strong></span> <span class='ocrx_word' id='word_1_60' title='bbox 633 2105 662 2165; x_wconf 85' lang='lat' dir='ltr'><strong>ot</strong></span> <span class='ocrx_word' id='word_1_61' title='bbox 683 2098 836 2182; x_wconf 70' lang='lat' dir='ltr'><strong>aesopiam</strong></span> <span class='ocrx_word' id='word_1_62' title='bbox 857 2119 973 2179; x_wconf 80' lang='lat' dir='ltr'><strong>mcum,</strong></span> <span class='ocrx_word' id='word_1_63' title='bbox 1003 2105 1033 2165; x_wconf 83' lang='lat' dir='ltr'><strong>at</strong></span> <span class='ocrx_word' id='word_1_64' title='bbox 1053 2101 1127 2166; x_wconf 78' lang='lat' dir='ltr'><strong>liba·</strong></span> 
     </span>
     <span class='ocr_line' id='line_1_14' title="bbox 246 2206 981 2287; baseline -0.005 -17"><span class='ocrx_word' id='word_1_65' title='bbox 246 2212 335 2271; x_wconf 87' lang='lat' dir='ltr'><strong>rctor</strong></span> <span class='ocrx_word' id='word_1_66' title='bbox 357 2224 452 2270; x_wconf 80' lang='lat' dir='ltr'><strong>meas.</strong></span> <span class='ocrx_word' id='word_1_67' title='bbox 497 2206 584 2271; x_wconf 81' lang='lat' dir='ltr'><strong>Niln&#39;t</strong></span> <span class='ocrx_word' id='word_1_68' title='bbox 604 2208 686 2270; x_wconf 83' lang='lat' dir='ltr'><strong>onim</strong></span> <span class='ocrx_word' id='word_1_69' title='bbox 708 2223 835 2287; x_wconf 84' lang='lat' dir='ltr'><strong>possum</strong></span> <span class='ocrx_word' id='word_1_70' title='bbox 857 2208 924 2270; x_wconf 80' lang='lat' dir='ltr'><strong>stne</strong></span> <span class='ocrx_word' id='word_1_71' title='bbox 942 2210 981 2270; x_wconf 86' lang='lat' dir='ltr'><strong>ta.</strong></span> 
     </span>
    </p>

    <p class='ocr_par' dir='ltr' id='par_1_8' title="bbox 246 2308 1129 2911">
     <span class='ocr_line' id='line_1_15' title="bbox 290 2308 1127 2393; baseline 0.004 -22"><span class='ocrx_word' id='word_1_72' title='bbox 290 2308 379 2372; x_wconf 91' lang='lat' dir='ltr'><strong>Nihil</strong></span> <span class='ocrx_word' id='word_1_73' title='bbox 411 2316 459 2372; x_wconf 87' lang='lat' dir='ltr'><strong>ost</strong></span> <span class='ocrx_word' id='word_1_74' title='bbox 491 2310 586 2372; x_wconf 88' lang='lat' dir='ltr'><strong>solidi</strong></span> <span class='ocrx_word' id='word_1_75' title='bbox 616 2310 671 2373; x_wconf 87' lang='lat' dir='ltr'><strong>vol</strong></span> <span class='ocrx_word' id='word_1_76' title='bbox 703 2311 733 2373; x_wconf 92' lang='lat' dir='ltr'><strong>in</strong></span> <span class='ocrx_word' id='word_1_77' title='bbox 766 2310 974 2393; x_wconf 77' lang='lat' dir='ltr'><strong>corporibus,</strong></span> <span class='ocrx_word' id='word_1_78' title='bbox 1007 2312 1060 2375; x_wconf 88' lang='lat' dir='ltr'><strong>val</strong></span> <span class='ocrx_word' id='word_1_79' title='bbox 1095 2310 1127 2374; x_wconf 95' lang='lat' dir='ltr'><strong>iu</strong></span> 
     </span>
     <span class='ocr_line' id='line_1_16' title="bbox 248 2414 1128 2496; baseline 0.001 -20"><span class='ocrx_word' id='word_1_80' title='bbox 248 2414 431 2495; x_wconf 87' lang='lat' dir='ltr'><strong>spiritibus,</strong></span> <span class='ocrx_word' id='word_1_81' title='bbox 463 2414 523 2476; x_wconf 89' lang='lat' dir='ltr'><strong>nisi</strong></span> <span class='ocrx_word' id='word_1_82' title='bbox 552 2422 710 2496; x_wconf 86' lang='lat' dir='ltr'><strong>quatenus</strong></span> <span class='ocrx_word' id='word_1_83' title='bbox 733 2414 835 2478; x_wconf 89' lang='lat' dir='ltr'><strong>virtus</strong></span> <span class='ocrx_word' id='word_1_84' title='bbox 859 2421 914 2477; x_wconf 91' lang='lat' dir='ltr'><strong>tua</strong></span> <span class='ocrx_word' id='word_1_85' title='bbox 937 2414 1128 2480; x_wconf 84' lang='lat' dir='ltr'><strong>intrinsecos</strong></span> 
     </span>
     <span class='ocr_line' id='line_1_17' title="bbox 249 2516 1128 2600; baseline 0.005 -20"><span class='ocrx_word' id='word_1_86' title='bbox 249 2536 290 2580; x_wconf 81' lang='lat' dir='ltr'><strong>aa</strong></span> <span class='ocrx_word' id='word_1_87' title='bbox 312 2516 455 2582; x_wconf 84' lang='lat' dir='ltr'><strong>continet</strong></span> <span class='ocrx_word' id='word_1_88' title='bbox 477 2526 510 2583; x_wconf 84' lang='lat' dir='ltr'><strong>ot</strong></span> <span class='ocrx_word' id='word_1_89' title='bbox 533 2518 742 2600; x_wconf 75' lang='lat' dir='ltr'><strong>constringit,</strong></span> <span class='ocrx_word' id='word_1_90' title='bbox 776 2538 817 2581; x_wconf 88' lang='lat' dir='ltr'><strong>na</strong></span> <span class='ocrx_word' id='word_1_91' title='bbox 839 2517 936 2582; x_wconf 86' lang='lat' dir='ltr'><strong>voluti</strong></span> <span class='ocrx_word' id='word_1_92' title='bbox 960 2537 1044 2600; x_wconf 90' lang='lat' dir='ltr'><strong>aqua</strong></span> <span class='ocrx_word' id='word_1_93' title='bbox 1067 2519 1128 2584; x_wconf 88' lang='lat' dir='ltr'><strong>dif-</strong></span> 
     </span>
     <span class='ocr_line' id='line_1_18' title="bbox 246 2618 1129 2703; baseline 0.005 -20"><span class='ocrx_word' id='word_1_94' title='bbox 246 2618 738 2702; x_wconf 83' lang='lat' dir='ltr'><strong>fluant,veltamquamlu1nus</strong></span> <span class='ocrx_word' id='word_1_95' title='bbox 763 2621 980 2703; x_wconf 88' lang='lat' dir='ltr'><strong>dissipantur,</strong></span> <span class='ocrx_word' id='word_1_96' title='bbox 1016 2623 1070 2687; x_wconf 87' lang='lat' dir='ltr'><strong>vol</strong></span> <span class='ocrx_word' id='word_1_97' title='bbox 1094 2632 1129 2687; x_wconf 90' lang='lat' dir='ltr'><strong>ut</strong></span> 
     </span>
     <span class='ocr_line' id='line_1_19' title="bbox 247 2724 1128 2807; baseline 0.006 -20"><span class='ocrx_word' id='word_1_98' title='bbox 247 2724 352 2788; x_wconf 87' lang='lat' dir='ltr'><strong>visum</strong></span> <span class='ocrx_word' id='word_1_99' title='bbox 385 2724 546 2806; x_wconf 83' lang='lat' dir='ltr'><strong>quoddam</strong></span> <span class='ocrx_word' id='word_1_100' title='bbox 584 2732 617 2789; x_wconf 86' lang='lat' dir='ltr'><strong>ct</strong></span> <span class='ocrx_word' id='word_1_101' title='bbox 651 2725 842 2807; x_wconf 83' lang='lat' dir='ltr'><strong>phantasma</strong></span> <span class='ocrx_word' id='word_1_102' title='bbox 874 2725 969 2789; x_wconf 83' lang='lat' dir='ltr'><strong>inane</strong></span> <span class='ocrx_word' id='word_1_103' title='bbox 1007 2747 1128 2792; x_wconf 83' lang='lat' dir='ltr'><strong>evanc-</strong></span> 
     </span>
     <span class='ocr_line' id='line_1_20' title="bbox 247 2828 1129 2911; baseline 0.002 -18"><span class='ocrx_word' id='word_1_104' title='bbox 247 2837 352 2894; x_wconf 85' lang='lat' dir='ltr'><strong>scant.</strong></span> <span class='ocrx_word' id='word_1_105' title='bbox 399 2828 511 2895; x_wconf 83' lang='lat' dir='ltr'><strong>Omnia</strong></span> <span class='ocrx_word' id='word_1_106' title='bbox 533 2829 641 2893; x_wconf 87' lang='lat' dir='ltr'><strong>mollia</strong></span> <span class='ocrx_word' id='word_1_107' title='bbox 675 2838 748 2894; x_wconf 91' lang='lat' dir='ltr'><strong>suut</strong></span> <span class='ocrx_word' id='word_1_108' title='bbox 781 2829 840 2893; x_wconf 88' lang='lat' dir='ltr'><strong>tibi</strong></span> <span class='ocrx_word' id='word_1_109' title='bbox 870 2836 903 2893; x_wconf 85' lang='lat' dir='ltr'><strong>et</strong></span> <span class='ocrx_word' id='word_1_110' title='bbox 937 2832 1129 2911; x_wconf 77' lang='lat' dir='ltr'><strong>tractabilia,</strong></span> 
     </span>
    </p>
   </div>
   <div class='ocr_carea' id='block_1_6' title="bbox 245 2930 1160 3543">
    <p class='ocr_par' dir='ltr' id='par_1_9' title="bbox 245 2930 1160 3543">
     <span class='ocr_line' id='line_1_21' title="bbox 247 2930 1160 3018; baseline 0.003 -21"><span class='ocrx_word' id='word_1_111' title='bbox 247 2932 356 2997; x_wconf 90' lang='lat' dir='ltr'><strong>omnia</strong></span> <span class='ocrx_word' id='word_1_112' title='bbox 375 2930 462 2996; x_wconf 87' lang='lat' dir='ltr'><strong>fluxa</strong></span> <span class='ocrx_word' id='word_1_113' title='bbox 485 2940 518 2997; x_wconf 85' lang='lat' dir='ltr'><strong>ot</strong></span> <span class='ocrx_word' id='word_1_114' title='bbox 540 2931 697 3011; x_wconf 80' lang='lat' dir='ltr'><strong>evanida,</strong></span> <span class='ocrx_word' id='word_1_115' title='bbox 720 2941 753 2996; x_wconf 87' lang='lat' dir='ltr'><strong>et</strong></span> <span class='ocrx_word' id='word_1_116' title='bbox 774 2934 902 3000; x_wconf 90' lang='lat' dir='ltr'><strong>minimo</strong></span> <span class='ocrx_word' id='word_1_117' title='bbox 925 2940 1002 2998; x_wconf 93' lang='lat' dir='ltr'><strong>uutu</strong></span> <span class='ocrx_word' id='word_1_118' title='bbox 1026 2935 1128 3018; x_wconf 83' lang='lat' dir='ltr'><strong>impo-</strong></span> <span class='ocrx_word' id='word_1_119' title='bbox 1158 2939 1160 2945; x_wconf 83' lang='lat'>&#39;</span> 
     </span>
     <span class='ocr_line' id='line_1_22' title="bbox 245 3036 1129 3128; baseline 0.002 -27"><span class='ocrx_word' id='word_1_120' title='bbox 245 3036 289 3101; x_wconf 89' lang='lat' dir='ltr'><strong>rii</strong></span> <span class='ocrx_word' id='word_1_121' title='bbox 319 3036 363 3099; x_wconf 90' lang='lat' dir='ltr'><strong>toi</strong></span> <span class='ocrx_word' id='word_1_122' title='bbox 398 3037 429 3100; x_wconf 92' lang='lat' dir='ltr'><strong>in</strong></span> <span class='ocrx_word' id='word_1_123' title='bbox 459 3038 605 3128; x_wconf 87' lang='lat' dir='ltr'><strong>quamvis</strong></span> <span class='ocrx_word' id='word_1_124' title='bbox 635 3036 813 3101; x_wconf 83' lang='lat' dir='ltr'><strong>formabilia</strong></span> <span class='ocrx_word' id='word_1_125' title='bbox 836 3038 988 3120; x_wconf 76' lang='lat' dir='ltr'><strong>speciem.</strong></span> <span class='ocrx_word' id='word_1_126' title='bbox 1033 3038 1129 3103; x_wconf 92' lang='lat' dir='ltr'><strong>Nulla</strong></span> 
     </span>
     <span class='ocr_line' id='line_1_23' title="bbox 247 3141 1130 3222; baseline 0.001 -17"><span class='ocrx_word' id='word_1_127' title='bbox 247 3158 360 3205; x_wconf 85' lang='lat' dir='ltr'><strong>coram</strong></span> <span class='ocrx_word' id='word_1_128' title='bbox 393 3149 426 3206; x_wconf 87' lang='lat' dir='ltr'><strong>ta</strong></span> <span class='ocrx_word' id='word_1_129' title='bbox 461 3149 511 3206; x_wconf 86' lang='lat' dir='ltr'><strong>est</strong></span> <span class='ocrx_word' id='word_1_130' title='bbox 543 3141 692 3206; x_wconf 83' lang='lat' dir='ltr'><strong>soliditas</strong></span> <span class='ocrx_word' id='word_1_131' title='bbox 723 3143 874 3206; x_wconf 89' lang='lat' dir='ltr'><strong>montium</strong></span> <span class='ocrx_word' id='word_1_132' title='bbox 906 3148 940 3205; x_wconf 85' lang='lat' dir='ltr'><strong>at</strong></span> <span class='ocrx_word' id='word_1_133' title='bbox 968 3153 1130 3222; x_wconf 83' lang='lat' dir='ltr'><strong>saxorum,</strong></span> 
     </span>
     <span class='ocr_line' id='line_1_24' title="bbox 246 3244 1129 3326; baseline 0 -17"><span class='ocrx_word' id='word_1_134' title='bbox 246 3244 339 3309; x_wconf 90' lang='lat' dir='ltr'><strong>nulla</strong></span> <span class='ocrx_word' id='word_1_135' title='bbox 362 3244 496 3311; x_wconf 82' lang='lat' dir='ltr'><strong>durities</strong></span> <span class='ocrx_word' id='word_1_136' title='bbox 519 3247 597 3312; x_wconf 85' lang='lat' dir='ltr'><strong>farri</strong></span> <span class='ocrx_word' id='word_1_137' title='bbox 620 3252 655 3310; x_wconf 90' lang='lat' dir='ltr'><strong>st</strong></span> <span class='ocrx_word' id='word_1_138' title='bbox 676 3248 895 3326; x_wconf 91' lang='lat' dir='ltr'><strong>adamantum,</strong></span> <span class='ocrx_word' id='word_1_139' title='bbox 923 3246 1009 3310; x_wconf 90' lang='lat' dir='ltr'><strong>nulla</strong></span> <span class='ocrx_word' id='word_1_140' title='bbox 1031 3246 1129 3311; x_wconf 84' lang='lat' dir='ltr'><strong>firmi·</strong></span> 
     </span>
     <span class='ocr_line' id='line_1_25' title="bbox 246 3331 1130 3416; baseline 0 -2"><span class='ocrx_word' id='word_1_141' title='bbox 246 3359 302 3414; x_wconf 88' lang='lat' dir='ltr'><strong>tas</strong></span> <span class='ocrx_word' id='word_1_142' title='bbox 334 3331 499 3416; x_wconf 80' lang='lat' dir='ltr'><strong>coelorum</strong></span> <span class='ocrx_word' id='word_1_143' title='bbox 527 3357 559 3415; x_wconf 87' lang='lat' dir='ltr'><strong>st</strong></span> <span class='ocrx_word' id='word_1_144' title='bbox 589 3358 769 3415; x_wconf 89' lang='lat' dir='ltr'><strong>astrorum:</strong></span> <span class='ocrx_word' id='word_1_145' title='bbox 806 3350 885 3414; x_wconf 88' lang='lat' dir='ltr'><strong>nihil</strong></span> <span class='ocrx_word' id='word_1_146' title='bbox 916 3350 1028 3415; x_wconf 86' lang='lat' dir='ltr'><strong>borum</strong></span> <span class='ocrx_word' id='word_1_147' title='bbox 1059 3351 1130 3414; x_wconf 88' lang='lat' dir='ltr'><strong>sino</strong></span> 
     </span>
     <span class='ocr_line' id='line_1_26' title="bbox 246 3456 1126 3543; baseline 0 -21"><span class='ocrx_word' id='word_1_148' title='bbox 246 3465 408 3543; x_wconf 81' lang='lat' dir='ltr'><strong>perpetuo</strong></span> <span class='ocrx_word' id='word_1_149' title='bbox 437 3456 556 3522; x_wconf 87' lang='lat' dir='ltr'><strong>influxu</strong></span> <span class='ocrx_word' id='word_1_150' title='bbox 578 3459 712 3540; x_wconf 83' lang='lat' dir='ltr'><strong>fotuque</strong></span> <span class='ocrx_word' id='word_1_151' title='bbox 744 3456 823 3522; x_wconf 89' lang='lat' dir='ltr'><strong>lucis</strong></span> <span class='ocrx_word' id='word_1_152' title='bbox 846 3464 920 3521; x_wconf 82' lang='lat' dir='ltr'><strong>tuas</strong></span> <span class='ocrx_word' id='word_1_153' title='bbox 943 3456 1126 3523; x_wconf 74' lang='lat' dir='ltr'><strong>consistere</strong></span> 
     </span>
    </p>
   </div>
   <div class='ocr_carea' id='block_1_7' title="bbox 0 0 1416 4317">
    <p class='ocr_par' dir='ltr' id='par_1_10' title="bbox 0 0 1416 4317">
     <span class='ocr_line' id='line_1_27' title="bbox 0 0 1416 4317; baseline 0 0"><span class='ocrx_word' id='word_1_154' title='bbox 0 0 1416 4317; x_wconf 95' lang='lat' dir='ltr'><strong> </strong></span> 
     </span>
    </p>
   </div>
  </div>
 </body>
</html>
