2817 4317
262 562 305 632 86

266 757 351 838 terit,
374 750 440 820 uisi·
464 754 615 820 euxilium
650 754 792 820 oblatum
823 754 1085 838 neglexerimus,
1116 763 1147 821 et

266 870 341 928 tuus
364 880 424 927 uos
451 860 577 943 gratiae
599 858 863 925 subtraxerimus.
908 859 1054 925 Posuisti
1079 879 1147 928 om·

267 965 320 1049 uiu
340 966 372 1029 iu
394 964 526 1029 arbitrio
550 970 678 1045 nostro,
708 962 843 1046 perinde
872 982 912 1028 uo
934 964 962 1028 si
984 965 1068 1030 solis
1093 985 1148 1030 uu·

259 1078 360 1134 ‘turso
385 1069 506 1134 viribus
534 1087 667 1149 reguum
694 1066 901 1136 obtinendum
925 1075 1024 1135 esset.
1049 1069 1148 1144 ,Jus-

266 1173 377 1239 tilioati
419 1174 501 1237 enim
550 1191 609 1254 per
646 1172 784 1253 gratiam
827 1178 912 1235 tuam
944 1190 1009 1237 uou
1041 1163 1148 1238 miuus

265 1277 362 1341 fuoile
388 1278 418 1341 iu
438 1275 565 1360 justitie
587 1288 725 1362 aooepta
741 1298 958 1362 perseverare
979 1287 1014 1343 st
1036 1280 1147 1365 legem

267 1381 549 1465 diviuamimplere
558 1391 703 1465 possunt,
712 1403 805 1466 quom
815 1384 1149 1467 bominibuspolitiois

265 1496 484 1572 permaturum
499 1488 597 1552 feuile
611 1496 663 1551 est·
674 1487 831 1579 justitiam
854 1487 1148 1571 politioemexter·

265 1611 400 1674 numque
413 1592 492 1655 inse
505 1593 597 1675 tueri,
613 1600 645 1657 st
655 1593 762 1675 legem
774 1592 900 1657 oivilem
910 1593 1058 1676 implere.
1083 1596 1148 1661 Ne·

262 1695 338 1761 mini
358 1695 422 1767 boo
443 1695 632 1762 incredibile
655 1703 710 1768 aut
733 1696 845 1761 mirum
869 1696 1027 1763 videatur.
1075 1697 1148 1764 Nou

191 1821 200 1834 ¹¹
262 1801 345 1887 euim
357 1798 437 1864 duro
451 1818 511 1863 uos
519 1798 602 1884 jugo
616 1807 650 1865 ot
663 1800 756 1882 gravi
776 1819 874 1865 ouere
883 1801 985 1883 premi
1000 1802 1150 1883 voluisti,

267 1901 328 1967 sed
359 1903 452 1966 suevi
485 1902 656 1984 ot‘iuoili3
688 1908 723 1967 ut
757 1901 976 1968 mandatorum
1017 1912 1148 1974 tuorum

262 2007 346 2071 viam
378 2026 509 2071 ourrere
531 2022 706 2088 possemus
732 2006 868 2073 eiaores.
912 2007 1065 2073 Postulat
1095 2010 1149 2095 ju·

262 2111 349 2176 stitia
369 2111 510 2194 politior,
534 2118 568 2174 ut
591 2112 832 2194 magistratibus
849 2131 910 2194 per
932 2114 1044 2177 omnia*
1063 2116 1148 2198 oivis

262 2218 473 2298 obtemperet,
495 2225 530 2279 et
551 2231 653 2298 opere
676 2223 812 2281 externo
834 2215 992 2280 nemiuem
1016 2215 1149 2302 laedat;

261 2305 324 2383 nou
350 2318 561 2400 blasphemet,
586 2337 654 2384 uon,
672 2318 812 2402 pejeret,
834 2337 896 2384 nou
920 2319 1063 2403 oooidat,
1087 2342 1150 2392 nou

265 2422 440 2505 percutiat,
471 2440 535 2491 uou
557 2421 745 2502 melodient,
769 2440 832 2487 uou
852 2423 1060 2504 oouvitietur,
1086 2447 1147 2494 uou

262 2528 458 2607 moeobetur,
471 2544 535 2591 uon
553 2526 866 2609 lurtumeommittut‚
885 2536 1060 2611 uo'upaotu
1079 2534 1148 2599 vio·

262 2630 317 2713 let,
337 2648 401 2695 nou
415 2629 588 2713 veotigalie
605 2630 746 2711 fraudet,
762 2629 793 2693 iu
809 2630 1029 2697 oontruotibus
1045 2636 1149 2701 nemi·

261 2752 334 2798 uem
353 2735 591 2815 circumveniat,
607 2752 671 2799 uon
686 2733 832 2799 inebriet.
862 2731 952 2799 Haeo
966 2737 1079 2802 omniu
1095 2739 1149 2825 ju·

262 2838 350 2904 stitia
369 2838 501 2920 politioa
516 2838 749 2922 oompleotitur.
775 2839 846 2904 Nou
860 2859 972 2922 parum
990 2850 1043 2905 est
1063 2842 1149 2912 diffi-

262 2942 401 3021 oultetis,
424 2949 460 3007 ut
471 2944 552 3008 bueo
568 2942 673 3007 omnia
688 2962 748 3025 per
766 2951 911 3008 naturam
927 2952 1150 3025 praestentur.

263 3045 386 3124 Quotus
408 3046 491 3111 euim
514 3046 652 3129 quisque
675 3054 725 3111 est
747 3045 920 3117 infidelium
943 3047 998 3112 vel
1024 3069 1149 3133 eorum,

261 3151 314 3234 qui
332 3149 481 3234 justitiae
503 3151 700 3215 obristiauoe
721 3157 797 3215 suut
818 3159 982 3233 expertes
1006 3155 1066 3235 qui
1086 3157 1148 3224 istu

265 3254 369 3319 omuiu
384 3253 609 3337 praestiterit?
652 3248 699 3317 At
716 3253 962 3327 innumerabiles
978 3264 1067 3340 suut,
1093 3261 1146 3345 qui

263 3377 323 3441 per
354 3357 492 3441 gratiam
522 3363 607 3421 tuum
648 3357 832 3433 universam
864 3358 971 3443 legem
1002 3361 1050 3428 ita
1076 3384 1147 3432 ser·

262 3468 351 3544 vaut,
369 3467 404 3529 ut
418 3478 482 3526 uou
497 3461 601 3530 solum
614 3481 635 3526 a
649 3480 752 3547 provo
767 3480 869 3548 opere
883 3462 1028 3532 exterius
1041 3469 1146 3545 absti-
