2817 4317
262 564 327 633 210

270 760 426 844 ptibilem,
450 765 484 823 ot
499 758 609 840 vitam,
631 758 833 841 sapientiam,
857 761 1051 843 potentiam

268 871 365 928 tatem
403 870 437 926 et
468 862 708 943 aeternitatem,
743 869 803 927 eto.
839 861 900 925 sed
931 863 970 928 fit
996 866 1052 931 abl

264 968 367 1034 omnis
383 968 516 1047 formae,
540 964 781 1031 considerando
798 965 912 1046 Deum,
938 970 1036 1034 omni

266 1091 349 1156 quae
372 1092 391 1137 a
415 1070 508 1137 nobis
531 1070 637 1134 animo
661 1069 789 1153 concipi
822 1078 940 1153 queat,
977 1093 1052 1137 esse

263 1178 450 1241 nentiorem.
496 1174 586 1239 lllam
611 1174 824 1255 eminentiam,
848 1175 924 1256 quia
949 1178 1049 1242 nnllo

263 1303 282 1346 a
316 1282 410 1348 nobis
444 1283 503 1345 sub
534 1280 642 1362 aliqua
662 1280 768 1343 forma
791 1277 921 1360 concipi
946 1287 1052 1361 potes

263 1387 444 1470 calipsum
469 1387 606 1451 diuinum
628 1384 800 1465 callaicam,
834 1387 863 1448 ct
883 1384 990 1449 lucem
1013 1404 1052 1453 su

263 1492 434 1556 scutiolem.
479 1487 581 1553 Nobis
613 1487 696 1551 enim
731 1488 841 1569 caligo
874 1495 946 1566 est,
984 1491 1052 1572 quia

262 1594 470 1677 negationem
502 1592 604 1657 omnis
638 1593 760 1656 formae
797 1590 1020 1675 intelligibilis
1048 1624 1052 1652 t

263 1698 367 1781 pitur,
392 1696 452 1761 sed
475 1695 507 1759 in
530 1716 567 1760 se
590 1703 642 1760 est
664 1695 720 1759 lux
743 1696 827 1759 omni
849 1694 925 1761 loce
947 1700 1052 1764 emine

306 1801 423 1880 Quinto
447 1801 586 1884 denique
620 1800 757 1885 impellit
777 1819 868 1864 amor
890 1799 954 1864 Dei
988 1803 1034 1868 ad

263 1925 334 1970 nem
367 1925 426 1990 per
465 1904 624 1988 quandam
670 1904 933 1988 liquefactionem,
968 1914 1002 1972 ct
1037 1909 1052 1973 u

262 2014 381 2077 sionem
403 2015 438 2077 iu
457 2012 603 2094 abyssum
633 2011 812 2077 deunitatis
857 2010 1052 2077 Ferventes

263 2115 325 2179 Dei
360 2124 523 2181 amatores
558 2117 604 2179 ita
638 2114 775 2180 subinde
807 2114 837 2177 in
874 2117 1052 2198 contempl

261 2238 321 2302 per
344 2237 486 2283 amorem
509 2219 540 2282 in
564 2220 665 2285 Deum
689 2221 920 2299 effervescunt,
945 2227 985 2283 ut
1003 2222 1052 2284 sib

264 2322 466 2405 liquescere,
500 2330 534 2386 et
562 2342 665 2388 asoo
684 2344 760 2387 esse
783 2330 898 2388 creato
922 2323 1052 2389 deficer

265 2424 421 2507 deantur,
451 2432 485 2490 et
506 2426 539 2490 in
562 2429 715 2511 abyssum
734 2426 914 2491 divinitatis
938 2427 1052 2493 demet

264 2530 452 2613 absorberi,
484 2532 595 2615 ibique
619 2554 662 2597 se
694 2535 859 2612 amittere,
892 2531 938 2595 ita
964 2541 1002 2596 nt
1027 2554 1052 2597 s·

263 2635 348 2719 plius
371 2655 434 2701 non
459 2638 608 2718 sentiant,
632 2644 793 2719 tamquam
816 2657 907 2701 suom
931 2656 1024 2719 esse,

263 2760 325 2823 que
343 2748 489 2807 naturam
503 2742 668 2825 exuerint3
687 2742 747 2806 sed
764 2741 868 2807 solum
884 2742 1036 2807 sentiunt

263 2852 422 2927 tamquam
439 2848 470 2910 in
493 2848 582 2912 illum
604 2846 840 2926 transformati,
872 2850 906 2909 et
928 2845 1018 2911 illius
1042 2869 1052 2911 ι

264 2949 348 3029 tiam,
371 2949 478 3030 vitam,
504 2952 618 3031 lucem,
642 2958 675 3015 et
694 2970 823 3015 sensum
846 2948 959 3027 indoti,
985 2951 1052 3016 imo

263 3073 356 3136 quam
379 3054 493 3120 eadem
516 3056 675 3137 essentia,
710 3056 794 3138 vila,
832 3063 865 3119 et
898 3055 956 3118 lux
991 3075 1052 3121 cun

262 3158 378 3223 eflecti.

307 3262 401 3327 Hunc
420 3263 547 3328 modum
570 3264 729 3328 interdum
754 3261 971 3347 experiuntur
995 3268 1052 3329 vir

263 3367 307 3431 cti
337 3368 599 3452 contemplationi
635 3369 754 3448 dediti,
787 3368 840 3451 qni
873 3366 974 3431 etiam
1009 3375 1049 3434 ut

263 3488 331 3534 sum
351 3490 443 3536 suum
466 3472 661 3555 exprimant,
697 3477 828 3537 utuntur
851 3470 994 3537 subinde
1018 3492 1052 3557 tp
