2817 4317
325 388 389 456 284

326 586 437 666 potest
457 580 536 664 fingi
556 581 646 645 aliud
669 582 787 646 bonum
815 580 888 664 ipso
919 577 1049 665 majus,
1083 588 1140 647 aut
1159 601 1209 646 ex-

327 685 515 765 cellentius,
546 686 640 771 eujus
670 687 796 751 visione
825 694 859 750 et
886 686 1045 752 fruitione
1075 689 1151 772 ipse
1171 688 1209 752 sit

327 792 448 854 beatus.
494 792 628 855 'lautum
656 792 764 874 itaque
798 799 848 856 est
877 793 997 856 bunum
1030 792 1109 876 ipse
1131 791 1209 856 Deus

326 901 360 957 et
382 894 490 957 diviua
513 896 680 975 essentia,'
697 904 732 960 ut
754 896 824 960 sole
847 896 950 980 ipsius
967 896 1057 961 visio
1082 905 1118 962 et
1139 896 1208 961 frui·

327 998 470 1110 tion-seu
492 1006 606 1081 gustus
630 998 811 1065 dulcedinis
833 1000 957 1083 ipsius,
988 1000 1093 1065 etiam
1116 1000 1208 1066 Deun

325 1103 429 1184 ipsum
448 1105 579 1167 beatum
601 1105 710 1188 faeiat,
732 1105 816 1171 sieut
835 1121 926 1168 amor
941 1104 994 1169 sni
1012 1105 1100 1171 fauit
1113 1106 1209 1189 ipsum

323 1205 445 1289 justum
468 1214 501 1270 et
523 1216 675 1272 sanetum.

370 1311 482 1393 ltaque
492 1310 579 1374 Deus
595 1312 703 1378 beatus
717 1313 843 1391 dieitur,
859 1313 933 1394 quia
945 1332 984 1376 se
996 1313 1108 1396 ipsum
1125 1313 1205 1380 elane

326 1416 418 1479 videt
440 1424 473 1479 et
490 1423 585 1497 amat,
608 1425 642 1481 et
656 1437 692 1480 se
707 1418 782 1500 ipsu
799 1416 924 1498 fruitur,
941 1423 1115 1499 ¹tamquam
1131 1436 1208 1482 sum·

325 1539 376 1585 mu
394 1522 560 1584 bonosuo.
582 1519 757 1587 Undeeum
768 1540 805 1585 se
817 1522 921 1602 ipsum
935 1522 1204 1605 comprehensive

326 1631 358 1690 et
381 1622 504 1688 infinite
528 1623 652 1707 videat,
676 1633 710 1690 et
732 1630 834 1705 amet,
868 1631 911 1688 et.
934 1623 1053 1710 dese
1084 1626 1203 1691 infinite

325 1730 485 1814 gaudeat,
503 1747 640 1793 neeesse
656 1737 708 1793 est
730 1729 835 1816 ipsum
855 1725 979 1792 infinite
1001 1730 1141 1794 beatum
1162 1749 1206 1793 es·

230 1863 233 1870 ·
327 1856 384 1916 se,
420 1842 453 1899 et
482 1834 585 1917 ipsius
617 1834 847 1914 beatitudinem
879 1832 1059 1898 formalem
1076 1852 1205 1916 prorsus

327 1960 400 2004 esse
413 1939 584 2004 infinitam:
606 1959 675 2003 nam
691 1940 747 2002 isti
763 1945 831 2002 tres
850 1943 942 2004 aetus
960 1954 1099 2019 proteus
1116 1938 1206 2014 adae·

329 2053 467 2126 quantur
489 2043 620 2127 objectu
644 2042 730 2125 quod
755 2059 891 2125 prorsus
914 2049 967 2105 est
988 2041 1161 2108 inlinitum.

369 2150 398 2213 2.
422 2149 546 2212 Diditur
570 2148 695 2227 leatus,
719 2147 793 2229 quia
817 2166 877 2232 per
893 2147 1073 2211 essentiam
1099 2150 1208 2212 beatu

327 2262 388 2334 est,
412 2254 495 2316 sieut
515 2261 549 2315 et
571 2251 713 2315 infinitus
736 2258 769 2315 et
791 2257 943 2320 sanetusz
975 2250 1041 2313 imo
1064 2251 1144 2335 ipse
1167 2258 1210 2317 est

326 2378 384 2422 sua
408 2355 576 2420 beatitudo
597 2356 752 2426 formalis
776 2353 779 2358 ’
799 2355 875 2438 lpse
895 2356 979 2430 euim
1002 2362 1058 2419 est
1082 2376 1146 2421 sua
1167 2356 1208 2419 vi·
1246 2353 1247 2372 ³

328 2462 388 2543 siu,
412 2481 491 2524 suus
515 2478 614 2543 amur,
637 2465 727 2521 suum
747 2451 913 2539 gaudium,
937 2475 997 2520 sua
1016 2458 1209 2538 delectatio,

324 2574 386 2629 etc.
430 2564 503 2629 Nou
527 2565 609 2627 enim
633 2563 715 2626 haee
746 2562 776 2624 iu
811 2562 884 2644 ipsu
916 2569 991 2624 sunt
1018 2563 1210 2643 accidentis,

328 2668 383 2733 vel
417 2676 509 2733 aetus
548 2667 667 2731 vitales
698 2664 798 2736 eliuiti
822 2665 854 2728 vi
877 2664 1005 2728 luminis
1030 2666 1172 2748 gloriae
1185 2668 1209 2730 in

327 2774 493 2839 intelleotu
510 2772 566 2835 ¹vel
589 2772 755 2836 vuluntate
782 2770 900 2853 ipsius,
932 2770 1018 2834 sieut
1040 2770 1074 2834 in
1101 2771 1212 2856 Auge·

326 2879 368 2943 lis
391 2886 424 2941 et
447 2865 642 2955 huminibus}
665 2875 725 2938 sed
753 2881 829 2938 suut
848 2874 921 2956 ipsa
944 2874 1091 2959 simplex
1116 2877 1211 2943 turm

325 3003 436 3065 perse
452 2983 642 3059 subsistens,
660 2999 744 3061 quae
759 2987 810 3043 est
825 2976 928 3061 ipsius
945 2981 1107 3064 essentia,
1132 2979 1210 3067 quud

326 3087 462 3151 maxime
485 3094 537 3149 est
559 3086 760 3150 admirabile.
837 3071 839 3078 ¹

369 3192 398 3255 3.
422 3191 546 3254 Dicitur
567 3192 687 3269 beatus,
723 3190 798 3271 quia
832 3208 896 3256 nou
924 3190 1038 3258 solum
1073 3203 1130 3261 est
1158 3212 1208 3259 sun

325 3294 492 3361 beatitudo
514 3295 678 3376 formalis,
701 3295 764 3359 'sed
787 3295 885 3359 etiam
906 3301 959 3359 est
982 3301 1046 3361 sua
1070 3300 1207 3366 beatitu-
