2817 4317
265 545 306 616 to

264 741 333 806 buo.
377 738 470 807 onon
493 739 673 823 Soriptnna·
690 761 792 825 saepe
821 750 933 809 monet
953 749 988 808 nt
1009 761 1142 827 sempor

264 863 410 926 oremus3
451 844 594 910 nimirum
638 852 788 928 quantum
821 847 960 914 homno
998 847 1144 913 conditio

265 948 394 1030 patitur.
427 946 554 1013 Eootee.
579 948 635 1031 183
658 952 731 1017 Noa
752 954 934 1033 inpetierit
952 970 1046 1018 otoro
1060 970 1143 1018 teat·

262 1071 328 1135 per.
366 1052 463 1130 Quasi
491 1053 593 1120 dioot:
614 1055 742 1121 Nullam
764 1076 841 1135 rom,
863 1056 984 1122 nnllnn
1000 1056 1142 1121 officium

264 1157 430 1239 admittat,
462 1160 547 1241 qood
571 1166 602 1224 te
625 1160 794 1242 impediat,
823 1162 1012 1244 quominus
1034 1160 1143 1243 possis

265 1281 394 1346 semper
416 1281 530 1345 orane;
554 1263 716 1345 nimirum,
746 1273 896 1346 qnantum
919 1263 983 1332 lent
1004 1264 1142 1330 hnmana

262 1367 433 1449 fragilitas.
468 1367 571 1432 Maroi
596 1368 651 1433 13:
687 1368 805 1450 Vtoetn,
826 1370 964 1451 olatloltt,
986 1375 1016 1435 nt
1038 1375 1143 1445 παίω·

262 1475 389 1538 noscitis
417 1476 499 1538 onim
527 1474 649 1555 quondo
682 1479 802 1555 tantona
829 1476 882 1550 att,
911 1490 974 1554 qno
1003 1473 1141 1538 sistendi

263 1577 342 1641 estis
366 1594 518 1659 supremo
542 1577 652 1661 judioi.
679 1576 758 1643 Lao.
783 1576 831 1643 18.
867 1578 1024 1644 Dominus
1045 1596 1142 1661 para·

264 1681 337 1746 bota
362 1681 520 1762 ostendit,
551 1682 631 1764 qnod
661 1685 804 1764 oporteat
831 1698 955 1763 sempor
976 1699 1083 1759 oraro,
1114 1690 1145 1748 ot

262 1804 325 1853 noo
351 1785 497 1866 dotem,-
527 1794 559 1849 et
588 1804 626 1855 o..
644 1786 694 1850 21.
742 1785 868 1865 Vioiloto
895 1789 979 1856 nnat
1007 1791 1145 1871 omnm

263 1896 406 1971 orontes,
437 1896 471 1955 ut
498 1890 583 1972 dioto
599 1890 790 1960 ,totoomiot
816 1889 923 1973 [nom
953 1893 1059 1958 omnio
1088 1891 1145 1957 itio

262 1994 424 2077 (pernota
442 1991 573 2077 soatio)
591 2013 672 2077 oona
690 1993 799 2078 tuoto
813 2002 893 2076 sont,
916 2001 946 2061 et
965 2002 1051 2062 stone
1072 2003 1145 2063 onte

263 2101 376 2171 attium
402 2099 543 2165 totototo.
583 2100 618 2164 2..
635 2099 678 2161 ad
707 2099 854 2163 Thessal.
883 2099 921 2164 5:
950 2100 1026 2166 Sino
1046 2104 1144 2167 inter-

264 2210 411 2273 missione
430 2210 526 2271 orote.
569 2203 664 2268 Ratio
687 2210 755 2283 est,
784 2204 859 2286 qnia
883 2203 951 2268 vult
973 2224 1010 2269 se
1029 2214 1061 2270 et
1084 2226 1144 2271 sua

263 2310 420 2378 benetioia
432 2309 565 2393 agnosoi
575 2314 608 2372 et
623 2327 681 2373 noe
696 2307 854 2390 oonliteri,
867 2309 937 2382 sine
947 2308 1020 2392 ejus
1036 2313 1144 2393 gratia

265 2425 298 2480 et
320 2416 440 2481 auxilio
469 2432 532 2479 non
555 2430 655 2496 posse
686 2414 800 2479 salutis
824 2415 968 2499 panicula
991 2417 1146 2500 evadere,

264 2522 459 2586 tentationes
475 2539 643 2602 superare,
659 2528 714 2583 aot
728 2520 864 2585 salutem
880 2521 1044 2606 consequi.
1077 2520 1145 2586 lta·

267 2646 329 2708 que
343 2626 414 2689 vult
427 2641 487 2687 nos
508 2625 640 2688 assidue
654 2624 697 2688 ad
713 2644 750 2689 eo
763 2643 932 2693 neourrero
949 2645 1009 2708 par
1020 2624 1145 2690 oratio·

263 2749 353 2810 nam,
379 2736 413 2793 et
436 2730 497 2793 hoo
518 2727 614 2792 tnodo
637 2726 743 2793 omnia
766 2729 933 2794 salutifera
955 2727 1145 2808 inpetrare.

306 2833 419 2916 ltaque
442 2833 495 2915 qui
527 2834 666 2899 orationi
690 2843 789 2918 prout
818 2838 949 2918 oportet
969 2819 1028 2897 voto
1050 2831 1144 2897 ‹lodi-

262 2938 548 3020 tonantissimas
570 2937 622 3020 sit,
645 2937 725 3002 nihil
739 2956 860 3016 eorum,
885 2954 969 3016 quae
988 2936 1031 3001 ad
1053 2935 1144 3001 salo·

265 3051 327 3108 tam
350 3048 424 3107 sunt
455 3048 659 3125 opportuna,
689 3060 731 3104 ex
753 3046 847 3123 parte
864 3040 925 3104 llei
964 3040 1026 3123 ipsi
1050 3040 1144 3106 detu-

264 3155 384 3213 turom:
408 3163 448 3209 ao
467 3145 604 3227 proinde
633 3152 742 3211 oertne
765 3145 822 3226 sit,
843 3162 886 3215 eo¹
906 3144 979 3209 tore
1007 3148 1143 3228 salvum,

262 3252 291 3317 si
312 3271 353 3316 ex
375 3258 469 3334 parte
492 3263 552 3316 soa
574 3249 705 3315 divinae
724 3247 850 3331 gratiae
873 3268 934 3331 per
957 3250 1141 3315 sooordiam

264 3363 297 3420 ot
318 3374 462 3421 orassem
481 3354 709 3439 negligentiam
730 3372 803 3422 non·
819 3353 972 3420 doluerit.

305 3460 409 3530 Porro
431 3467 466 3526 ut
483 3458 594 3528 debito
609 3466 643 3526 et
656 3457 860 3528 convenienti
878 3458 981 3526 modo.
997 3477 1143 3543 oremus,
