2817 4317
329 573 392 639 190

372 766 483 831 Justus
505 784 555 845 eo,
578 767 721 845 Domine,
754 773 784 831 et
805 773 922 832 reatum
939 770 1109 847 juditium
1130 774 1209 834 tuum

328 870 446 934 Psalm.
472 869 542 938 118.

369 973 482 1040 tutioa
497 992 554 1053 me,
578 974 725 1048 Domino·
750 976 918 1041 secuntum
930 979 1101 1057 justitiam
1114 995 1212 1053 meam,

327 1082 357 1140 et
374 1080 540 1143 seeundum
563 1082 774 1143 innocentiam
795 1098 896 1157 meam
910 1096 1009 1161 super
1021 1098 1088 1145 me.
1124 1082 1175 1146 Pa.
1188 1080 1211 1143 t.

372 1183 436 1247 Titi
459 1183 623 1247 derelictus
654 1189 701 1247 ert
728 1200 868 1266 pannem·
901 1184 1049 1266 orphano
1093 1189 1127 1252 tu
1159 1189 1211 1250 eris

326 1287 460 1366 adjutor.
484 1284 602 1350 Psalm.
626 1286 656 1352 9.

369 1390 483 1454 Judioa
505 1408 561 1468 me,
586 1389 734 1454 Domine:
763 1392 908 1472 qnoniam
931 1408 986 1472 eoo
1009 1396 1047 1458 in
1072 1398 1211 1461 innocen·

327 1498 371 1558 tia
400 1511 470 1558 mea
504 1496 664 1575 inmersus
692 1512 780 1559 sum:
814 1501 842 1560 et
868 1498 902 1561 in
923 1495 1064 1563 Domino
1087 1516 1211 1583 operam

327 1617 390 1663 non
411 1599 601 1679 infirmabor.
645 1598 765 1665 Psalm.
787 1598 837 1663 25.

369 1704 480 1768 Auerte
514 1706 619 1769 oeulos
652 1722 758 1780 meam·
793 1722 833 1768 ne
870 1705 999 1770 uideant
1035 1712 1209 1776 uanitatem.

326 1805 444 1871 Psalm.
470 1806 541 1874 118.

369 1912 458 1989 Soio,
491 1915 564 1993 auia
587 1912 678 1976 aliter
699 1930 763 1978 non
789 1929 918 1995 possum
946 1929 1016 1978 esre
1049 1921 1208 1990 confinem,

326 2019 527 2096 nisiinter,
550 2015 752 2081 Deusmeus.
796 2013 873 2099 Sap.
896 2016 926 2083 8.

370 2119 466 2202 Auser
487 2140 507 2186 a
529 2123 594 2199 me,
629 2121 773 2199 Domine,
797 2124 913 2186 ventres
935 2127 1208 2206 commutarentur

325 2231 353 2289 et
384 2226 509 2290 animae
542 2226 724 2289 irreverenti
759 2232 788 2289 et
828 2223 1001 2306 infrunitae
1036 2246 1082 2293 ne
1112 2231 1209 2295 trouu

324 2345 381 2392 me.
425 2326 506 2391 Ibid.

372 2432 432 2496 Gor
447 2431 594 2496 munuum
610 2448 684 2495 erea
698 2433 732 2495 in
749 2449 807 2512 me,
829 2432 924 2509 Dour,
945 2438 976 2498 et
993 2437 1149 2516 spiritam
1170 2454 1209 2502 re

326 2542 408 2603 etum
431 2539 547 2602 innooa
569 2538 601 2600 in
620 2535 791 2600 uisceribus
813 2538 898 2599 meir.
941 2535 1066 2603 Psalm.
1091 2540 1147 2607 50.

371 2640 505 2721 Diliaom
532 2645 576 2718 te,
605 2638 735 2703 Domine
756 2637 903 2720 tortitudo
932 2658 1023 2705 mea:
1065 2646 1209 2712 nonna

324 2747 551 2827 firmamentum
569 2762 687 2821 meum,
711 2749 739 2809 et
759 2743 912 2826 retuaium
934 2762 1056 2825 meum,
1090 2755 1124 2815 et
1146 2749 1208 2815 tite

326 2856 414 2917 rator
432 2866 527 2915 meus.
570 2847 688 2913 Psatm.
720 2849 769 2912 17.

368 2954 552 3019 Benedictus
573 2953 724 3017 Domum
743 2954 828 3017 Deus
846 2968 941 3028 meur,
963 2956 1018 3032 aui
1035 2955 1131 3023 aoeet
1151 2973 1206 3022 na

326 3075 386 3124 nus
406 3074 493 3122 mear
515 3058 558 3121 aa
576 3056 735 3138 praetium,
758 3062 787 3121 et
809 3057 919 3136 uiuitur
932 3072 1019 3121 mear
1035 3060 1083 3125 ad
1096 3060 1207 3126 teum

327 3159 446 3227 Psalm.
471 3159 542 3226 142.

370 3265 529 3332 Fortitudo
544 3282 624 3345 mea,
646 3269 674 3328 et
689 3263 761 3327 taus
775 3281 855 3341 mea,
878 3262 1030 3343 Domine,
1053 3264 1164 3348 [aetus
1184 3280 1208 3329 a

326 3371 401 3438 mitri
423 3375 456 3435 tn
478 3372 618 3436 satutem.
664 3367 779 3433 Exodi.
805 3368 854 3433 15.
