2817 4317
269 383 333 453 288

270 579 368 641 rebus
393 574 529 656 erratis,
560 581 595 639 ut
623 574 655 637 in
690 573 798 639 mundi
828 557 980 661 lubrice,
1005 585 1042 642 et
1064 578 1150 650 venile

270 701 376 744 rerum
399 679 573 763 gradibus,
605 680 736 744 elucent
766 688 881 745 leuues
909 682 1049 764 quidum
1082 682 1151 747 redii

271 785 449 850 divinitatis
473 794 556 867 tuae,
581 806 621 849 ex
647 785 763 866 quibus
786 792 871 849 tuem
891 789 1087 868 potentiam,
1107 807 1151 850 se·

268 892 437 974 pientiam,
471 892 647 955 bonitatem
671 890 765 971 quasi
786 887 1012 971 eonjeutuudo
1038 908 1150 973 eoguu·

268 1014 362 1060 suere
384 1014 578 1079 possumus:
598 1001 631 1058 et
649 994 679 1056 in
704 1001 810 1057 mente
832 1002 949 1058 nostru
970 994 1149 1061 eiu-eleve-

267 1106 299 1162 ta
321 1105 353 1164 et
375 1100 468 1163 unita*
496 1099 552 1163 tibi
577 1097 729 1181 splendet
750 1104 820 1161 tota
842 1097 1028 1162 divinitatis
1052 1098 1148 1182 pleni·

267 1202 355 1283 tudo,
378 1211 510 1286 tntaque
533 1203 658 1267 relueet
677 1202 750 1286 ejus
782 1201 1014 1285 pulchritudo,
1048 1204 1093 1267 itu
1122 1211 1150 1265 ut
1188 1277 1189 1282 ἵ

268 1307 414 1388 quamvis
439 1307 471 1370 in
494 1327 530 1370 se
568 1307 662 1371 uniea
694 1308 767 1385 sits
792 1306 873 1370 miro
907 1314 1022 1373 tamen
1055 1306 1147 1372 mode
1188 1291 1189 1366 J

271 1410 511 1493 multiplicetur,
532 1419 567 1474 ut
588 1418 638 1475 tut
659 1410 832 1476 videantur
857 1429 933 1474 esee
956 1412 1149 1492 divinitates,

268 1520 346 1594 quot
367 1523 440 1577 sunt
463 1514 580 1578 beatae
604 1495 738 1580 mentes.
781 1513 816 1578 ln
847 1515 910 1579 heu
938 1515 1063 1584 unione
1090 1535 1149 1581 um·

265 1618 319 1681 nie
346 1622 439 1683 buna
466 1619 558 1684 nobis
590 1618 738 1701 effluent,
767 1613 896 1700 eritque
928 1621 1074 1685 omnium
1098 1639 1147 1684 no·

265 1727 409 1804 utrorum¹
427 1713 662 1790 desideriorum
682 1722 933 1788 consummatio:
956 1723 1077 1789 affluet
1095 1743 1147 1808 pe

265 1825 379 1905 tentia,
412 1827 486 1912 quie
516 1826 633 1892 erimus
647 1846 755 1908 reges
771 1832 821 1888 et
842 1824 901 1889 filii
923 1824 1004 1909 Dei3
1032 1828 1148 1895 efflue

265 1930 440 2013 sapientie,
470 1933 545 2013 quia
577 1933 679 2015 ipsum
703 1931 884 2015 supientiae
906 1932 1032 1998 lentem
1059 1944 1148 2000 leue·

264 2036 365 2100 bimus
381 2045 414 2099 et
429 2037 735 2119 contemplabimur3
751 2036 864 2102 effluet
875 2039 1053 2126 sanetius,
1078 2043 1147 2125 quin

267 2140 403 2206 eximius
426 2140 482 2204 ille
504 2157 594 2203 emor
613 2148 664 2203 est
686 2158 810 2203 summa
832 2141 1001 2223 sanctitas,
1024 2152 1062 2207 et
1085 2162 1146 2209 orn·

263 2244 348 2309 nium
359 2231 511 2309 virtutum
521 2244 697 2327 perfeeti0;
711 2233 842 2317 affluent
851 2242 998 2325 divitiae,
1010 2249 1091 2329 quiu
1102 2268 1147 2313 re·

263 2368 358 2429 guum
369 2348 535 2416 coelorum
545 2356 579 2413 et
589 2368 699 2413 omues
708 2348 780 2438 ejus
794 2366 876 2430 opes
888 2357 1028 2438 uoetrae
1037 2361 1147 2432 eruut3

251 2450 395 2517 'affluent
416 2455 565 2532 honores,
590 2452 664 2535 quie
677 2471 801 2517 omnes
824 2462 988 2535 tamquam
1011 2455 1077 2522 filii
1094 2444 1147 2522 ne

263 2556 461 2639 excipiemur
477 2565 513 2641 ,et
534 2556 781 2638 honorabimur3
801 2557 1147 2641 affluerpulehritudn,

263 2662 338 2742 quia
362 2679 501 2745 torpore
517 2662 624 2752 ‚instar
646 2647 728 2725 eolis
750 2660 963 2750 fulgebimuu
981 2674 1094 2732 ruente
1107 2667 1147 2730 in·

262 2771 331 2827 star
354 2765 548 2848 divinitatis;
583 2763 715 2830 affluent
739 2756 868 2845 ‘gaudia
896 2771 931 2828 et
954 2766 1145 2848 deleutatin·

260 2888 336 2947 nes,
372 2870 446 2950 quie
479 2886 590 2946 omues
611 2870 910 2957 inebriabunturtud
927 2872 1078 2942 elmete
1099 2877 1146 2941 dd·

261 2990 330 3037 mue
353 2978 433 3051 luae,
457 2979 487 3037 el
507 2979 643 3039 torrente
663 2976 829 3057 voluptatis
851 2978 931 3056 lune
942 2967 1075 3064 paludis
1089 2996 1145 3047 ees.

261 3075 353 3141 Siout
373 3076 456 3140 enim
479 3077 541 3140 erit
558 3077 892 3160 ineomprehenslbilis
916 3081 1021 3163 eopia
1044 3086 1143 3152 ¹boun·

260 3200 338 3262 rum,
360 3182 405 3245 ita
425 3181 521 3245 etiem
544 3182 659 3246 enitet
679 3182 872 3274 gaudiorum
887 3188 933 3248 ue'
950 3184 1143 3256 deleetutit·

261 3304 343 3353 num.
390 3286 512 3353 Affluet
534 3305 598 3372 pax
621 3298 653 3352 et
674 3289 845 3378 seeuritue,
877 3290 955 3371 quia
989 3294 1071 3384 nihil
1095 3313 1146 3364 nee
