2817 4317
1037 576 1098 648 lle

213 778 345 841 coelites
365 776 445 840 lucis
466 781 539 839 luae
560 774 692 852 rodium,
715 779 749 836 ol
765 769 859 850 jueta
878 769 1100 849 beneplacitum

213 886 318 957 lenm,
347 884 377 943 et
394 877 475 958 lidel-
488 878 611 953 lemen.
635 879 682 940 sio
704 875 857 939 ambulem
875 876 908 937 in
923 875 1040 951 *terrie
1067 876 1101 935 ol

170 1005 176 1014 ·
213 985 343 1049 landem
371 986 405 1047 in
431 983 523 1046 coelis
544 999 668 1046 merear
691 983 792 1044 lemen
816 979 941 1059 olorioe.
985 971 1102 1039 Amen.

470 1213 473 1218 ’
548 1218 724 1273 onnonno
744 1176 773 1272 n.

477 1364 535 1429 Ae
557 1364 707 1443 ennom,
726 1362 852 1456 inem.
975 1333 977 1338 ’

262 1502 335 1565 Tibi
358 1501 479 1584 gloria,
514 1502 684 1586 plenitudo
707 1501 798 1581 lueis,
822 1500 990 1583 plenitudo
1014 1499 1101 1562 veri-

224 1607 322 1670 tatis:
357 1606 414 1669 tibi
436 1606 540 1688 glorie
563 1610 604 1671 ab
628 1607 712 1671 omni
745 1604 912 1685 ereatura,
940 1610 973 1672 el
1004 1622 1104 1686 snpra

217 1692 346 1777 omnem
384 1721 573 1793 ereaturam*
597 1712 684 1795 apud
718 1711 873 1794 teipsam,
915 1708 968 1773 nbi
1012 1708 1102 1771 olera

217 1823 254 1879 et
296 1825 517 1880 eonsummete
562 1816 775 1894 exoellentiee
813 1813 942 1877 divinae
980 1813 1103 1877 notitia.

217 1919 383 2003 Splendet
419 1922 548 2004 quidem
593 1920 788 1985 excellentia
826 1926 880 1982 toa
916 1919 949 2007 in
987 1920 1101 1984 menli-

216 2027 280 2089 bus
320 2024 522 2108 Angelorum
567 2033 601 2089 et
635 2024 846 2103 Sanotorum,
895 2031 1011 2104 estque
1049 2024 1103 2087 hio

216 2128 378 2213 splendor
410 2130 515 2212 gloria
541 2128 703 2211 quaedam
733 2136 804 2209 tua3
836 2143 948 2191 verum
979 2125 1103 2190 infinite

215 2232 340 2298 elarius
363 2233 514 2315 splendet
535 2234 568 2297 in
589 2234 752 2318 sapientia
774 2241 846 2297 tue:
870 2232 954 2297 siout
976 2231 1099 2296 infinita

219 2338 279 2401 lux
303 2338 423 2402 olarios
453 2338 540 2402 lueet
566 2358 662 2420 quem
693 2337 834 2403 sointilla
865 2336 1001 2401 modion.
1054 2335 1104 2401 lbi

222 2460 304 2524 ergo
328 2442 489 2526 sapientie
511 2443 623 2507 landet
645 2444 780 2507 animem
804 2461 905 2525 snam,
936 2442 980 2507 ibi
1001 2442 1103 2525 glori·
1202 2505 1207 2522 ,

220 2543 297 2610 fioet
319 2566 371 2626 se,
395 2555 428 2612 et
451 2546 553 2610 omnis
576 2553 729 2610 ereatura
744 2545 950 2627 oongandeat
968 2552 1001 2609 et
1023 2563 1102 2610 oon-

219 2649 402 2731 gratnletur
423 2649 484 2729 illi;
516 2648 639 2727 landet,
663 2648 852 2731 benedioat,
885 2657 918 2712 et
942 2649 1104 2733 glorificet

218 2752 324 2816 illan!
369 2752 441 2816 Non
474 2772 554 2834 eges
577 2752 683 2834 glorie
707 2753 860 2817 eilande
883 2762 1004 2818 nostra.
1050 2754 1102 2819 ln·

218 2857 329 2926 finitae
352 2857 491 2921 claritati
515 2877 574 2938 per
596 2856 767 2921 soinlillem
783 2857 870 2921 nulla
890 2857 925 2921 fit
943 2859 1103 2925 aoeessio.

218 2961 290 3027 Sed
318 2964 399 3027 haee
421 2968 559 3045 prosunt
589 2961 691 3025 nobis.
739 2959 846 3024 Nosse
868 2962 953 3026 enim
976 2971 1009 3028 et
1031 2964 1100 3028 len·

218 3066 301 3130 dare
323 3074 366 3146 te,
389 3085 551 3130 sommum.
567 3067 683 3129 bonum
707 3067 870 3146 nostrum,
902 3073 935 3130 et
953 3068 1020 3130 vite
1044 3085 1100 3131 ee·

219 3177 314 3242 lerna
347 3178 406 3234 est.
459 3170 507 3233 Tu
540 3187 669 3252 quoque
701 3168 786 3232 omni
818 3169 932 3251 lande,
962 3190 1048 3254 qnae
1081 3192 1101 3235 a
1166 3193 1168 3198 ¹

182 3322 186 3331 .
218 3282 370 3339 ereatura
393 3274 448 3337 tibi
465 3273 586 3337 deferri
609 3272 726 3355 possit,
750 3271 867 3355 dignos
891 3293 945 3354 es;
968 3282 1001 3338 el
1028 3276 1101 3357 ipsa

218 3380 252 3443 in
269 3398 395 3444 omnem
410 3378 636 3443 aeternitatem
652 3385 684 3441 te
700 3376 835 3441 laudere
851 3385 884 3442 et
906 3379 1099 3445 benedioere

220 3490 356 3548 tenetur.
483 3491 487 3500 ’
