2817 4317
1082 551 1145 621 241

263 744 416 829 quanihil
429 745 532 810 lateat
544 743 722 809 videntem.
745 740 855 807 Omnis
871 741 953 806 enim
969 741 1052 807 visin
1063 741 1149 807 Ben-

263 859 368 915 terum
383 847 506 918 infinite
517 848 612 913 abest
626 847 668 911 eb
684 845 787 929 ipsius
797 845 924 911 visione
934 846 1148 931 eomprehen-

264 953 346 1032 sivn‚
369 959 400 1016 et
414 954 486 1034 ipse
501 951 623 1018 infinite
639 969 766 1015 omnem
781 948 907 1014 illerum
923 950 1080 1014 visionem
1095 970 1151 1013 su·

262 1068 367 1141 perat.
412 1056 484 1121 Hor
508 1055 604 1121 mode
628 1053 757 1137 quidem
780 1054 897 1117 Patres
917 1052 1026 1117 dieunt
1047 1053 1149 1117 Deum

263 1161 348 1226 omni
376 1168 547 1226 creaturae
570 1157 765 1222 invisibilem
789 1166 822 1221 et
848 1158 1002 1239 ignotum,
1034 1165 1066 1220 et
1089 1156 1150 1220 sibi

262 1265 325 1331 soli
350 1274 457 1329 notum
482 1282 521 1329 ae
544 1262 716 1326 visibitem.
773 1275 775 1279 ⁴

616 1481 806 1538 Pnnvevlv.

489 1627 545 1706 Ad
567 1628 825 1693 invisibilitatem
851 1630 924 1692 Dei.

441 1741 445 1745 ’
473 1761 514 1817 Ex
532 1759 582 1813 lib.
602 1760 627 1830 2.
650 1737 690 1846 ¹de¹
705 1759 815 1829 Perfert.
840 1774 901 1829 esp.
919 1762 944 1815 4.
998 1792 1000 1798 ·

313 1886 350 1951 Ut
373 1890 448 1969 qvid
460 1884 553 1953 ,erret
569 1892 676 1952 enimn
691 1906 772 1967 men,
793 1888 926 1952 Domine
940 1886 1036 1966 Dens,
1058 1904 1153 1966 qvae·

262 2010 342 2057 rens
365 1998 394 2055 te
418 1995 562 2070 enterivs,
586 1995 638 2073 qvi
660 2009 693 2057 es
711 1994 859 2071 interium
882 1998 911 2056 et
932 1991 1006 2072 qvid
1025 1990 1153 2056 mvltvm

265 2096 377 2160 indere
400 2111 553 2175 quaerens
575 2100 604 2159 te
627 2101 717 2159 enirn
741 2101 787 2173 te,
822 2112 892 2170 enm
915 2101 950 2159 tv.
976 2093 1107 2159 inditas
1120 2098 1153 2160 in
1176 2099 1178 2101 ’

263 2216 330 2275 me,
355 2182 383 2262 si
407 2203 527 2262 tantvm
549 2198 720 2264 desiderem
737 2200 786 2263 te!
831 2198 1000 2263 circumivi
1020 2194 1106 2264 vines
1125 2205 1154 2262 et

260 2298 388 2383 plateas
410 2304 544 2366 civitatis
565 2300 659 2381 injus
680 2304 789 2368 mvndi
811 2291 1068 2384 quaerentem
1090 2322 1153 2369 nen

263 2407 389 2480 inveni·
412 2407 486 2486 qvia
507 2403 588 2469 mate
610 2409 749 2486 quaesivi
771 2413 800 2470 te
820 2404 910 2487 feris,
934 2409 986 2488 dvi
1008 2424 1041 2472 es
1061 2411 1153 2473 intes.

264 2507 338 2573 At!
364 2511 482 2588 quoties
504 2511 576 2573 misi
597 2497 723 2574 nunties
744 2527 852 2574 omnes
882 2516 912 2574 et
933 2527 1046 2575 sensns
1068 2516 1153 2576 eete-

264 2615 367 2676 riores
386 2618 420 2677 vt
442 2630 624 2694 quaererem
646 2617 684 2691 te,
708 2618 819 2677 einen
842 2616 954 2691 inveni,
976 2617 1050 2694 qvid
1072 2616 1155 2679 mete

266 2714 454 2797 quaerebam
477 2721 524 2779 te:
552 2721 585 2778 tv
615 2717 695 2791 enim
728 2718 812 2779 intus
835 2733 882 2792 es,
915 2722 945 2779 et
966 2723 1071 2781 tamen
1092 2721 1154 2799 ipsi

265 2818 321 2883 ndi
342 2820 529 2895 intraveras,
550 2819 739 2882 nesciebant.
913 2815 916 2820 ’

280 2959 284 2963 ,
311 2922 493 3001 Converte,
525 2920 672 2999 obrenre,
697 2937 764 2985 ‘eor
785 2939 890 2984 meum
914 2921 956 2985 ed
980 2930 1012 2985 te
1035 2922 1152 2988 intrer-

266 3044 338 3091 snm
361 3025 391 3087 in
416 3023 549 3088 fundum
572 3022 696 3088 animae
720 3040 822 3104 meae,
844 3023 897 3086 nbi
921 3014 1037 3088 silente
1060 3045 1152 3100 mea·¹

266 3139 409 3206 tnrarum
424 3127 574 3210 strepitu,
598 3135 630 3190 et
646 3126 898 3211 importunarum
919 3130 1153 3211 cogitationem
1178 3190 1181 3196 .

266 3239 420 3301 nessnnte
442 3231 586 3310 tumultu,
608 3237 715 3295 tenum
739 3248 934 3314 commorer,
966 3242 998 3299 te
1021 3254 1153 3320 semper

266 3345 475 3421 praesentem
511 3352 641 3399 vernam
676 3342 711 3397 et
746 3345 849 3399 ernem
874 3346 908 3399 et
934 3356 1086 3416 venerer,
1119 3346 1153 3403 et

265 3459 382 3530 vneem
413 3447 498 3503 tuem
535 3437 680 3520 audiam,
712 3437 770 3501 tini
798 3438 947 3503 miserias
974 3441 1066 3505 exilii
1089 3443 1153 3508 mei
