2817 4317
1105 526 1232 606 81,

266 713 364 790 nobis
379 708 392 735 ⁵
408 727 590 807 perpetuae
641 723 915 812 reooneiliationis
958 721 1148 805 eonati-uuit,

271 817 365 910 quem
383 824 604 906 Suorumeutis
625 828 783 895 ineiusnm
804 830 899 896 nobis
921 830 1024 894 instar
1046 830 1146 912 iegati

266 933 502 1018 opulentissimi
525 934 664 1017 reliquit.
694 934 876 1001 Mirabiiem
892 933 990 1017 piane
1004 935 1147 997 ·thesau2

264 1058 357 1120 unm,-
370 1037 501 1103 divitias
516 1037 665 1121 infinitas,
690 1042 805 1122 quibus
818 1034 883 1102 tam
897 1038 994 1101 faoile
1009 1045 1043 1101 et
1056 1057 1144 1126 mors

263 1143 463 1225 sempiterna
478 1142 652 1222 redimitur,
668 1152 701 1207 et
715 1156 848 1226 regnum
865 1143 1018 1221 eoeleste,
1037 1149 1144 1207 aeter-

264 1267 309 1310 na
332 1247 457 1328 gloria3
486 1254 518 1311 et
539 1248 708 1332 possessio
731 1248 905 1313 divinitatis
931 1239 1145 1328 eomparatur.

265 1351 412 1434 Denique
432 1341 468 1415 ut
488 1340 611 1417 infinito
631 1354 664 1417 in
685 1372 745 1417 uos
767 1352 868 1437 amori
891 1370 951 1415 suo
970 1351 1049 1415 nihil
1069 1350 1144 1414 reii-

266 1442 320 1539 qui
342 1456 476 1537 strueret,
513 1472 641 1534 oannem
665 1464 705 1541 set
732 1458 935 1541 sanguinem,
967 1445 1143 1539 quaepro

262 1560 358 1626 nobis
380 1560 585 1643 impenderat
617 1563 648 1626 in
665 1564 797 1647 ·lytrum
828 1585 887 1629 seu
914 1562 1056 1644 pretium
1091 1574 1145 1630 rer'

263 1665 461 1748 demptionis
483 1666 576 1734 nobis
598 1667 727 1750 reliquit
750 1677 783 1733 et
807 1669 840 1732 in
855 1667 1057 1744 sacrificium,
1080 1682 1160 1747 quov

260 1768 420 1854 justitiam
442 1769 545 1853 ipsius
567 1771 660 1835 nobie
693 1773 923 1855 propitiemus,
957 1777 990 1836 et
1019 1771 1052 1833 in
1086 1770 1146 1837 ali·

260 1880 412 1955 ruentum,
434 1873 552 1957 quoin
580 1875 679 1939 vitam
702 1882 866 1942 aeternam
888 1873 1078 1940 refioiamur.

306 1975 607 2068 Vioistipssornine,
638 1981 859 2049 misericordia
882 1988 937 2045 tua
960 1979 1142 2059 omnia'ex-

263 2082 387 2166 empla3
409 2082 514 2147 vioisti
538 2082 643 2147 omnia
665 2084 807 2167 ingenia,
840 2093 873 2150 et
891 2104 1015 2152 omnem
1039 2101 1141 2166 expe·

262 2189 440 2257 etationem
462 2184 680 2253 ereaturarum
699 2191 847 2255 omniurn.
875 2188 953 2267 Quis
975 2190 1049 2252 ista
1062 2205 1148 2251 oon-⁴

261 2292 422 2367 sidereus,
438 2309 501 2357 non
530 2291 671 2357 vioissim
695 2301 780 2361 amet
809 2297 865 2362 tei
902 2295 975 2380 quis
1000 2309 1065 2357 non
1099 2292 1143 2356 sit

266 2404 408 2482 paratus
425 2416 463 2460 se
485 2402 586 2461 totum
611 2398 642 2460 in
661 2405 749 2486 tuum
772 2390 961 2485 obsequium
985 2404 1018 2462 et
1040 2397 1144 2460 hono-

264 2500 502 2566 rem'addioere
518 2520 558 2566 ae
572 2490 770 2583 impendere,
795 2502 848 2584 qui
867 2510 932 2565 tarn
950 2501 1059 2566 multis
1076 2518 1146 2565 mo·

262 2606 317 2672 dis
336 2606 473 2691 teipsum
496 2612 595 2670 totum
619 2605 650 2668 in
682 2604 990 2670 nostramrsaintem
1021 2605 1146 2689 impen-

265 2710 346 2775 disti
368 2717 402 2774 et
424 2709 734 2793 superimpendisti?
777 2707 860 2786 Quid
883 2707 967 2773 enim
990 2715 1064 2772 sunt
1087 2710 1146 2773 ob-

262 2814 378 2896 sequia
398 2822 512 2879 nostra
535 2814 577 2878 ad
600 2814 759 2881 beneficia
782 2821 852 2896 tna,
886 2813 928 2876 ad
947 2811 1099 2877 actiones·
1113 2818 1146 2875 et

260 2918 437 3003 passiones
460 2924 543 2999 tuas,
566 2925 599 2983 et
620 2919 688 2983 vita
708 2924 819 2982 nostra
843 2916 885 2982 ad
914 2917 1013 2981 vitam
1036 2914 1146 2980 tuam?

260 3028 356 3107 gutta
379 3022 543 3101 adnare,
567 3005 712 3089 oaloqus
737 3021 950 3103 adnomen,
973 3019 1146 3104 puluisou·

261 3126 316 3190 lus
338 3122 380 3189 ad
402 3128 532 3207 globum
555 3134 672 3205 terrae,
694 3126 757 3191 imo
780 3125 886 3191 adhue
901 3126 999 3209 longe
1024 3123 1144 3205 minus3

264 3228 444 3311 quia‘finiti
466 3231 514 3317 ad,
531 3230 684 3296 infinitum
716 3229 805 3296 nulia
837 3230 1017 3315 proportio.
1062 3222 1154 3307 Quid

263 3350 347 3415 ergo
379 3334 587 3419 rependimus
618 3335 694 3414 tibi,
720 3352 792 3399 oum
810 3334 912 3398 *vitam
944 3329 1099 3398 nostram
1113 3339 1147 3397 et

261 3438 372 3505 omnia
393 3444 515 3505 nostra
528 3439 584 3504 tibi
601 3457 844 3521 oonseoramus3
862 3438 1056 3522 praesertim
1074 3453 1158 3517 onm-

857 3542 879 3607 4
893 3539 943 3610 *i*
