2817 4317
1067 591 1129 661 163

247 779 370 873 infinita
389 781 573 879 'sapientiae
604 802 682 848 suae
715 784 920 849 exaolissime
953 802 1015 848 non
1051 802 1129 849 oon·

247 884 463 966 sideraverit‚
487 894 520 950 et
543 887 636 969 quasi
659 886 865 967 deliberarit,
895 908 936 951 an
960 889 1130 955 conveniat

245 987 328 1053 illud
352 989 439 1054 velle
460 997 495 1054 ut
517 987 582 1070 liat,
605 993 660 1052 aut
682 986 797 1052 saltem
820 989 908 1053 velle
930 992 1128 1072 permittere,

246 1113 307 1158 sen
336 1106 400 1157 non
419 1092 587 1176 impedire.
632 1090 721 1169 Quae
751 1091 986 1174 ooneideratio‚
1019 1102 1053 1158 et
1075 1092 1129 1177 (ut

245 1199 296 1263 sio
319 1193 442 1280 dinam]
477 1196 671 1261 deliberatio
701 1195 867 1261 antecedit
896 1213 991 1261 omne
1013 1196 1127 1266 deure-

245 1307 311 1365 tum
344 1306 406 1364 tam
439 1300 674 1384 permissivum,
700 1319 795 1383 quam
819 1301 1003 1366 effectivum
1038 1302 1128 1367 oiroa

244 1404 382 1487 singula.
418 1405 563 1470 Omnium
578 1405 661 1471 enim
676 1412 848 1494 eventuum
865 1422 983 1469 oausae
999 1424 1127 1470 emauu
1239 1467 1243 1473 .

244 1499 352 1593 ipsius
371 1509 418 1573 ita
440 1509 597 1591 religatae
618 1516 778 1590 tenentur,
800 1515 836 1573 ut
854 1508 925 1573 sine
939 1508 1026 1573 illius
1048 1515 1126 1573 nutu

244 1612 330 1678 nulla
361 1612 466 1698 possit
498 1614 531 1677 in
565 1613 662 1678 ullum
693 1623 799 1679 aoturn
831 1613 978 1677 aminare.
1034 1611 1127 1679 Unde

244 1715 324 1781 nihil
347 1716 418 1782 sine
439 1717 526 1781 illius
549 1717 755 1800 providentia
778 1717 848 1783 fieri
863 1703 992 1800 potest.
1134 1787 1136 1790 .

295 1818 325 1883 3.
348 1820 430 1897 Quia
453 1822 515 1885 etsi
533 1830 669 1905 propter
691 1828 858 1905 peooatnm
882 1829 915 1884 et
935 1820 1058 1884 arbitrii
1089 1820 1127 1884 b'·

244 1926 403 1989 bertatem
426 1924 557 1990 multam
579 1927 610 1988 in
630 1928 738 2005 rebus,
763 1925 953 2007 praesertim
970 1924 1126 2005 humanis,

244 2028 397 2093 videatur
418 2029 605 2111 permittere
627 2031 788 2105 alonium·
822 2028 900 2092 nibil
921 2035 1027 2090 tamen
1050 2045 1124 2107 per·

244 2131 339 2196 mittit
362 2130 422 2194 nisi
445 2151 566 2196 summa
589 2132 727 2212 ratione,
751 2140 785 2211 et
804 2132 895 2213 quasi
910 2129 1043 2214 praevia
1066 2129 1124 2193 de·

244 2236 443 2310 liberatione.
486 2235 613 2300 Deinde
636 2235 792 2319 quidquid
824 2235 921 2300 modo
957 2232 1122 2298 inordina·
1242 2237 1246 2244 '

244 2346 310 2417 tum
335 2337 471 2417 videtur,
494 2339 565 2421 ipse
589 2347 702 2421 postea
726 2338 768 2403 ad
803 2339 1039 2405 exactissimam
1066 2336 1122 2420 jn·

244 2443 352 2508 stitiae
376 2444 618 2527 aequalitatem,
653 2453 686 2509 et
708 2444 954 2527 pnloberrimum
978 2442 1123 2508 ordinem

245 2549 424 2626 revooabit.

287 2652 319 2716 l.
342 2652 424 2729 Quia
447 2651 548 2717 omnis
571 2653 662 2734 ordo,
685 2653 738 2735 qui
762 2660 813 2718 est
834 2653 887 2717 vel
908 2654 940 2716 in
962 2660 1124 2718 structura

244 2755 405 2835 universi,
439 2757 492 2820 vel
514 2758 545 2820 in
569 2758 714 2839 partibus
735 2757 917 2822 animalium
941 2763 974 2821 et
995 2756 1123 2839 planta·

244 2879 332 2939 rum,
365 2861 418 2925 vel
450 2861 483 2924 in
519 2862 761 2944 operationibus
785 2882 910 2942 rerum,
935 2860 986 2926 vel
1011 2860 1122 2924 mediis

244 2962 287 3029 ad
319 2964 427 3048 finem,
463 2965 518 3028 vel
550 2966 579 3028 in
611 2966 675 3030 ulla
699 2987 736 3031 re
759 2968 922 3050 oorporali
950 2974 1005 3032 aut
1027 2969 1122 3050 spiri·

244 3067 311 3151 tali,
332 3070 374 3134 ab
397 3070 469 3152 ipso
492 3076 543 3134 est
558 3069 725 3135 institutus
748 3089 788 3135 ao
807 3072 997 3156 dispositus.
1035 3103 1037 3110 1
1064 3155 1066 3162 Ι
