<?xml version="1.0" encoding="UTF-8"?>
<!DOCTYPE html PUBLIC "-//W3C//DTD XHTML 1.0 Transitional//EN"
    "http://www.w3.org/TR/xhtml1/DTD/xhtml1-transitional.dtd">
<html xmlns="http://www.w3.org/1999/xhtml" xml:lang="en" lang="en">
 <head>
  <title>
</title>
<meta http-equiv="Content-Type" content="text/html;charset=utf-8" />
  <meta name='ocr-system' content='tesseract 3.04.00' />
  <meta name='ocr-capabilities' content='ocr_page ocr_carea ocr_par ocr_line ocrx_word'/>
</head>
<body>
  <div class='ocr_page' id='page_1' title='image "./leonardilessiio00lessgoog_0228.png"; bbox 0 0 2817 4317; ppageno 0'>
   <div class='ocr_carea' id='block_1_1' title="bbox 1081 557 1145 622">
    <p class='ocr_par' dir='ltr' id='par_1_1' title="bbox 1081 557 1145 622">
     <span class='ocr_line' id='line_1_1' title="bbox 1081 557 1145 622; baseline 0 -1"><span class='ocrx_word' id='word_1_1' title='bbox 1081 557 1145 622; x_wconf 75' lang='lat'>227</span> 
     </span>
    </p>
   </div>
   <div class='ocr_carea' id='block_1_2' title="bbox 262 747 1252 2187">
    <p class='ocr_par' dir='ltr' id='par_1_2' title="bbox 262 747 1252 2187">
     <span class='ocr_line' id='line_1_2' title="bbox 308 747 1144 833; baseline 0.001 -19"><span class='ocrx_word' id='word_1_2' title='bbox 308 752 411 815; x_wconf 86' lang='lat' dir='ltr'>lllulta</span> <span class='ocrx_word' id='word_1_3' title='bbox 434 758 507 813; x_wconf 90' lang='lat' dir='ltr'>sunt</span> <span class='ocrx_word' id='word_1_4' title='bbox 538 750 570 813; x_wconf 91' lang='lat' dir='ltr'>in</span> <span class='ocrx_word' id='word_1_5' title='bbox 593 750 656 812; x_wconf 91' lang='lat' dir='ltr'>hoc</span> <span class='ocrx_word' id='word_1_6' title='bbox 679 765 781 830; x_wconf 86' lang='lat' dir='ltr'>opere</span> <span class='ocrx_word' id='word_1_7' title='bbox 800 747 1014 814; x_wconf 82' lang='lat' dir='ltr'><strong>admiratione</strong></span> <span class='ocrx_word' id='word_1_8' title='bbox 1037 749 1144 833; x_wconf 83' lang='lat' dir='ltr'>digna.</span> 
     </span>
     <span class='ocr_line' id='line_1_3' title="bbox 262 849 1144 936; baseline 0 -18"><span class='ocrx_word' id='word_1_9' title='bbox 262 855 390 933; x_wconf 86' lang='lat' dir='ltr'>Primo,</span> <span class='ocrx_word' id='word_1_10' title='bbox 423 853 509 936; x_wconf 88' lang='lat' dir='ltr'>quod</span> <span class='ocrx_word' id='word_1_11' title='bbox 537 852 719 933; x_wconf 87' lang='lat' dir='ltr'>decretum,</span> <span class='ocrx_word' id='word_1_12' title='bbox 749 849 842 935; x_wconf 87' lang='lat' dir='ltr'>cujus</span> <span class='ocrx_word' id='word_1_13' title='bbox 867 853 897 913; x_wconf 92' lang='lat' dir='ltr'>vi</span> <span class='ocrx_word' id='word_1_14' title='bbox 921 854 1069 918; x_wconf 90' lang='lat' dir='ltr'>conditus</span> <span class='ocrx_word' id='word_1_15' title='bbox 1093 863 1144 918; x_wconf 90' lang='lat' dir='ltr'>est</span> 
     </span>
     <span class='ocr_line' id='line_1_4' title="bbox 262 955 1144 1038; baseline 0.002 -17"><span class='ocrx_word' id='word_1_16' title='bbox 262 958 417 1037; x_wconf 76' lang='lat' dir='ltr'>munduS,</span> <span class='ocrx_word' id='word_1_17' title='bbox 448 955 570 1020; x_wconf 87' lang='lat' dir='ltr'>infinito</span> <span class='ocrx_word' id='word_1_18' title='bbox 599 963 747 1038; x_wconf 88' lang='lat' dir='ltr'>tempore</span> <span class='ocrx_word' id='word_1_19' title='bbox 775 958 988 1030; x_wconf 76' lang='lat' dir='ltr'><strong>antecesserit</strong></span> <span class='ocrx_word' id='word_1_20' title='bbox 1025 978 1144 1023; x_wconf 87' lang='lat' dir='ltr'>execu-</span> 
     </span>
     <span class='ocr_line' id='line_1_5' title="bbox 262 1044 1143 1144; baseline -0.001 -20"><span class='ocrx_word' id='word_1_21' title='bbox 262 1063 400 1138; x_wconf 79' lang='lat' dir='ltr'>tionem,</span> <span class='ocrx_word' id='word_1_22' title='bbox 435 1080 494 1126; x_wconf 93' lang='lat' dir='ltr'>nec</span> <span class='ocrx_word' id='word_1_23' title='bbox 526 1060 695 1144; x_wconf 71' lang='lat' dir='ltr'>nisipost</span> <span class='ocrx_word' id='word_1_24' title='bbox 725 1044 847 1121; x_wconf 89' lang='lat' dir='ltr'>infinita</span> <span class='ocrx_word' id='word_1_25' title='bbox 877 1061 1009 1123; x_wconf 85' lang='lat' dir='ltr'>saecula</span> <span class='ocrx_word' id='word_1_26' title='bbox 1031 1070 1143 1126; x_wconf 86' lang='lat' dir='ltr'>secuta</span> 
     </span>
     <span class='ocr_line' id='line_1_6' title="bbox 262 1162 1143 1244; baseline 0.001 -17"><span class='ocrx_word' id='word_1_27' title='bbox 262 1165 306 1227; x_wconf 88' lang='lat' dir='ltr'>sit</span> <span class='ocrx_word' id='word_1_28' title='bbox 331 1163 436 1228; x_wconf 84' lang='lat' dir='ltr'>mundi</span> <span class='ocrx_word' id='word_1_29' title='bbox 461 1165 594 1228; x_wconf 87' lang='lat' dir='ltr'>creatio.</span> <span class='ocrx_word' id='word_1_30' title='bbox 639 1162 811 1243; x_wconf 88' lang='lat' dir='ltr'>Secundo,</span> <span class='ocrx_word' id='word_1_31' title='bbox 840 1163 927 1244; x_wconf 88' lang='lat' dir='ltr'>quod</span> <span class='ocrx_word' id='word_1_32' title='bbox 950 1164 1034 1228; x_wconf 90' lang='lat' dir='ltr'>sicut</span> <span class='ocrx_word' id='word_1_33' title='bbox 1055 1165 1143 1230; x_wconf 89' lang='lat' dir='ltr'>Deus</span> 
     </span>
     <span class='ocr_line' id='line_1_7' title="bbox 263 1254 1224 1350; baseline 0 -17"><span class='ocrx_word' id='word_1_34' title='bbox 263 1269 412 1333; x_wconf 87' lang='lat' dir='ltr'>mundum</span> <span class='ocrx_word' id='word_1_35' title='bbox 443 1271 474 1332; x_wconf 93' lang='lat' dir='ltr'>in</span> <span class='ocrx_word' id='word_1_36' title='bbox 499 1269 561 1333; x_wconf 93' lang='lat' dir='ltr'>boc</span> <span class='ocrx_word' id='word_1_37' title='bbox 584 1267 740 1350; x_wconf 83' lang='lat' dir='ltr'>temporis</span> <span class='ocrx_word' id='word_1_38' title='bbox 762 1275 940 1347; x_wconf 89' lang='lat' dir='ltr'>momento,</span> <span class='ocrx_word' id='word_1_39' title='bbox 973 1275 1005 1331; x_wconf 89' lang='lat' dir='ltr'>et</span> <span class='ocrx_word' id='word_1_40' title='bbox 1026 1269 1057 1331; x_wconf 90' lang='lat' dir='ltr'>in</span> <span class='ocrx_word' id='word_1_41' title='bbox 1081 1271 1144 1333; x_wconf 89' lang='lat' dir='ltr'>boc</span> <span class='ocrx_word' id='word_1_42' title='bbox 1222 1254 1224 1260; x_wconf 53' lang='grc'><em>’</em></span> 
     </span>
     <span class='ocr_line' id='line_1_8' title="bbox 262 1361 1252 1456; baseline 0.001 -20"><span class='ocrx_word' id='word_1_43' title='bbox 262 1374 371 1456; x_wconf 88' lang='lat' dir='ltr'>spatio</span> <span class='ocrx_word' id='word_1_44' title='bbox 396 1371 557 1451; x_wconf 84' lang='lat' dir='ltr'>condidit,</span> <span class='ocrx_word' id='word_1_45' title='bbox 588 1372 632 1435; x_wconf 88' lang='lat' dir='ltr'>ita</span> <span class='ocrx_word' id='word_1_46' title='bbox 658 1372 816 1453; x_wconf 86' lang='lat' dir='ltr'>potuisset</span> <span class='ocrx_word' id='word_1_47' title='bbox 852 1372 881 1434; x_wconf 93' lang='lat' dir='ltr'>in</span> <span class='ocrx_word' id='word_1_48' title='bbox 916 1373 1033 1453; x_wconf 82' lang='lat' dir='ltr'>quovis</span> <span class='ocrx_word' id='word_1_49' title='bbox 1064 1367 1144 1436; x_wconf 91' lang='lat' dir='ltr'>tem·</span> <span class='ocrx_word' id='word_1_50' title='bbox 1241 1361 1252 1378; x_wconf 60' lang='grc'>”“</span> 
     </span>
     <span class='ocr_line' id='line_1_9' title="bbox 264 1475 1143 1559; baseline 0.002 -21"><span class='ocrx_word' id='word_1_51' title='bbox 264 1478 354 1559; x_wconf 87' lang='lat' dir='ltr'>poris</span> <span class='ocrx_word' id='word_1_52' title='bbox 376 1475 500 1540; x_wconf 88' lang='lat' dir='ltr'>infinito</span> <span class='ocrx_word' id='word_1_53' title='bbox 524 1484 660 1557; x_wconf 84' lang='lat' dir='ltr'>puncto,</span> <span class='ocrx_word' id='word_1_54' title='bbox 693 1483 726 1539; x_wconf 93' lang='lat' dir='ltr'>et</span> <span class='ocrx_word' id='word_1_55' title='bbox 758 1476 855 1558; x_wconf 89' lang='lat' dir='ltr'>spatii</span> <span class='ocrx_word' id='word_1_56' title='bbox 879 1475 1022 1541; x_wconf 82' lang='lat' dir='ltr'>immensi</span> <span class='ocrx_word' id='word_1_57' title='bbox 1043 1477 1143 1540; x_wconf 86' lang='lat' dir='ltr'>inter·</span> 
     </span>
     <span class='ocr_line' id='line_1_10' title="bbox 263 1579 1143 1665; baseline 0.002 -22"><span class='ocrx_word' id='word_1_58' title='bbox 263 1580 354 1644; x_wconf 90' lang='lat' dir='ltr'>vallo</span> <span class='ocrx_word' id='word_1_59' title='bbox 376 1581 480 1663; x_wconf 80' lang='lat' dir='ltr'>ipsum</span> <span class='ocrx_word' id='word_1_60' title='bbox 506 1580 656 1643; x_wconf 89' lang='lat' dir='ltr'>condere.</span> <span class='ocrx_word' id='word_1_61' title='bbox 700 1579 819 1656; x_wconf 79' lang='lat' dir='ltr'>Tertio,</span> <span class='ocrx_word' id='word_1_62' title='bbox 843 1580 929 1662; x_wconf 84' lang='lat' dir='ltr'>quod</span> <span class='ocrx_word' id='word_1_63' title='bbox 946 1582 977 1645; x_wconf 92' lang='lat' dir='ltr'>in</span> <span class='ocrx_word' id='word_1_64' title='bbox 998 1582 1068 1646; x_wconf 85' lang='lat' dir='ltr'>Deo</span> <span class='ocrx_word' id='word_1_65' title='bbox 1083 1602 1143 1665; x_wconf 84' lang='lat' dir='ltr'>per</span> 
     </span>
     <span class='ocr_line' id='line_1_11' title="bbox 264 1683 1142 1750; baseline 0.002 -3"><span class='ocrx_word' id='word_1_66' title='bbox 264 1692 383 1748; x_wconf 88' lang='lat' dir='ltr'>tantam</span> <span class='ocrx_word' id='word_1_67' title='bbox 422 1683 619 1748; x_wconf 83' lang='lat' dir='ltr'>molitionem</span> <span class='ocrx_word' id='word_1_68' title='bbox 660 1684 748 1749; x_wconf 85' lang='lat' dir='ltr'>nulla</span> <span class='ocrx_word' id='word_1_69' title='bbox 792 1685 878 1749; x_wconf 86' lang='lat' dir='ltr'>facta</span> <span class='ocrx_word' id='word_1_70' title='bbox 922 1687 964 1748; x_wconf 88' lang='lat' dir='ltr'>sit</span> <span class='ocrx_word' id='word_1_71' title='bbox 998 1688 1142 1750; x_wconf 88' lang='lat' dir='ltr'>mutatio.</span> 
     </span>
     <span class='ocr_line' id='line_1_12' title="bbox 264 1787 1141 1870; baseline 0.002 -19"><span class='ocrx_word' id='word_1_72' title='bbox 264 1787 507 1869; x_wconf 62' lang='lat' dir='ltr'>Quarto,²quod</span> <span class='ocrx_word' id='word_1_73' title='bbox 530 1809 584 1851; x_wconf 88' lang='lat' dir='ltr'>res</span> <span class='ocrx_word' id='word_1_74' title='bbox 609 1798 673 1852; x_wconf 86' lang='lat' dir='ltr'>tam</span> <span class='ocrx_word' id='word_1_75' title='bbox 703 1788 822 1852; x_wconf 89' lang='lat' dir='ltr'>multae</span> <span class='ocrx_word' id='word_1_76' title='bbox 853 1796 887 1852; x_wconf 91' lang='lat' dir='ltr'>et</span> <span class='ocrx_word' id='word_1_77' title='bbox 918 1790 1047 1870; x_wconf 86' lang='lat' dir='ltr'>variae,</span> <span class='ocrx_word' id='word_1_78' title='bbox 1079 1799 1141 1855; x_wconf 88' lang='lat' dir='ltr'>tam</span> 
     </span>
     <span class='ocr_line' id='line_1_13' title="bbox 262 1891 1142 1974; baseline -0.001 -17"><span class='ocrx_word' id='word_1_79' title='bbox 262 1893 376 1957; x_wconf 89' lang='lat' dir='ltr'>firmae</span> <span class='ocrx_word' id='word_1_80' title='bbox 398 1901 431 1957; x_wconf 93' lang='lat' dir='ltr'>et</span> <span class='ocrx_word' id='word_1_81' title='bbox 453 1892 593 1974; x_wconf 87' lang='lat' dir='ltr'>solidae,</span> <span class='ocrx_word' id='word_1_82' title='bbox 617 1900 679 1956; x_wconf 89' lang='lat' dir='ltr'>tam</span> <span class='ocrx_word' id='word_1_83' title='bbox 704 1910 842 1973; x_wconf 81' lang='lat' dir='ltr'>maguae</span> <span class='ocrx_word' id='word_1_84' title='bbox 865 1900 898 1955; x_wconf 93' lang='lat' dir='ltr'>et</span> <span class='ocrx_word' id='word_1_85' title='bbox 921 1891 1067 1973; x_wconf 88' lang='lat' dir='ltr'>validae,</span> <span class='ocrx_word' id='word_1_86' title='bbox 1090 1916 1142 1957; x_wconf 87' lang='lat' dir='ltr'>re·</span> 
     </span>
     <span class='ocr_line' id='line_1_14' title="bbox 263 1992 1203 2080; baseline 0.001 -21"><span class='ocrx_word' id='word_1_87' title='bbox 263 2005 361 2080; x_wconf 89' lang='lat' dir='ltr'>pente</span> <span class='ocrx_word' id='word_1_88' title='bbox 393 2016 434 2059; x_wconf 89' lang='lat' dir='ltr'>ex</span> <span class='ocrx_word' id='word_1_89' title='bbox 461 1996 559 2066; x_wconf 91' lang='lat' dir='ltr'>nihilo</span> <span class='ocrx_word' id='word_1_90' title='bbox 589 1995 762 2058; x_wconf 78' lang='lat' dir='ltr'>extiterint.</span> <span class='ocrx_word' id='word_1_91' title='bbox 808 1992 870 2059; x_wconf 91' lang='lat' dir='ltr'>Ubi</span> <span class='ocrx_word' id='word_1_92' title='bbox 898 1995 993 2059; x_wconf 89' lang='lat' dir='ltr'>etiam</span> <span class='ocrx_word' id='word_1_93' title='bbox 1023 1996 1142 2061; x_wconf 90' lang='lat' dir='ltr'>adver·</span> <span class='ocrx_word' id='word_1_94' title='bbox 1200 2005 1203 2010; x_wconf 82' lang='lat'><em>&#39;</em></span> 
     </span>
     <span class='ocr_line' id='line_1_15' title="bbox 263 2083 1143 2187; baseline 0.002 -23"><span class='ocrx_word' id='word_1_95' title='bbox 263 2101 394 2187; x_wconf 90' lang='lat' dir='ltr'>tendum</span> <span class='ocrx_word' id='word_1_96' title='bbox 418 2109 469 2163; x_wconf 87' lang='lat' dir='ltr'>est</span> <span class='ocrx_word' id='word_1_97' title='bbox 492 2098 662 2182; x_wconf 80' lang='lat' dir='ltr'>dupliciter</span> <span class='ocrx_word' id='word_1_98' title='bbox 686 2097 883 2166; x_wconf 74' lang='lat' dir='ltr'>creationem</span> <span class='ocrx_word' id='word_1_99' title='bbox 901 2083 1044 2182; x_wconf 82' lang='lat' dir='ltr'>spectari</span> <span class='ocrx_word' id='word_1_100' title='bbox 1064 2119 1143 2182; x_wconf 88' lang='lat' dir='ltr'>pus·</span> 
     </span>
    </p>
   </div>
   <div class='ocr_carea' id='block_1_3' title="bbox 264 2204 1238 2284">
    <p class='ocr_par' dir='ltr' id='par_1_3' title="bbox 264 2204 1238 2284">
     <span class='ocr_line' id='line_1_16' title="bbox 264 2204 1238 2284; baseline 0.006 -17"><span class='ocrx_word' id='word_1_101' title='bbox 264 2225 311 2268; x_wconf 84' lang='lat' dir='ltr'>se.</span> <span class='ocrx_word' id='word_1_102' title='bbox 358 2205 481 2281; x_wconf 91' lang='lat' dir='ltr'>Primo,</span> <span class='ocrx_word' id='word_1_103' title='bbox 516 2210 549 2267; x_wconf 92' lang='lat' dir='ltr'>ut</span> <span class='ocrx_word' id='word_1_104' title='bbox 580 2211 630 2267; x_wconf 90' lang='lat' dir='ltr'>est</span> <span class='ocrx_word' id='word_1_105' title='bbox 654 2204 784 2284; x_wconf 88' lang='lat' dir='ltr'>quidam</span> <span class='ocrx_word' id='word_1_106' title='bbox 807 2221 963 2267; x_wconf 89' lang='lat' dir='ltr'>ascensus</span> <span class='ocrx_word' id='word_1_107' title='bbox 987 2205 1039 2269; x_wconf 90' lang='lat' dir='ltr'>vel</span> <span class='ocrx_word' id='word_1_108' title='bbox 1062 2205 1143 2273; x_wconf 89' lang='lat' dir='ltr'>edu·</span> <span class='ocrx_word' id='word_1_109' title='bbox 1234 2233 1238 2247; x_wconf 70' lang='lat'><em>¹</em></span> 
     </span>
    </p>
   </div>
   <div class='ocr_carea' id='block_1_4' title="bbox 262 2308 1143 3437">
    <p class='ocr_par' dir='ltr' id='par_1_4' title="bbox 262 2308 1143 3437">
     <span class='ocr_line' id='line_1_17' title="bbox 264 2308 1142 2389; baseline -0.002 -16"><span class='ocrx_word' id='word_1_110' title='bbox 264 2308 330 2373; x_wconf 89' lang='lat' dir='ltr'>ctio</span> <span class='ocrx_word' id='word_1_111' title='bbox 353 2310 399 2373; x_wconf 88' lang='lat' dir='ltr'>rei</span> <span class='ocrx_word' id='word_1_112' title='bbox 423 2328 442 2369; x_wconf 92' lang='lat' dir='ltr'>a</span> <span class='ocrx_word' id='word_1_113' title='bbox 465 2326 528 2370; x_wconf 91' lang='lat' dir='ltr'>non</span> <span class='ocrx_word' id='word_1_114' title='bbox 552 2326 626 2371; x_wconf 84' lang='lat' dir='ltr'>esse</span> <span class='ocrx_word' id='word_1_115' title='bbox 649 2308 690 2372; x_wconf 86' lang='lat' dir='ltr'>ad</span> <span class='ocrx_word' id='word_1_116' title='bbox 714 2328 805 2389; x_wconf 85' lang='lat' dir='ltr'>esse,</span> <span class='ocrx_word' id='word_1_117' title='bbox 841 2308 936 2389; x_wconf 86' lang='lat' dir='ltr'>quasi</span> <span class='ocrx_word' id='word_1_118' title='bbox 967 2315 1061 2373; x_wconf 89' lang='lat' dir='ltr'>antea</span> <span class='ocrx_word' id='word_1_119' title='bbox 1096 2309 1142 2372; x_wconf 90' lang='lat' dir='ltr'>la-</span> 
     </span>
     <span class='ocr_line' id='line_1_18' title="bbox 263 2412 1142 2490; baseline 0 -14"><span class='ocrx_word' id='word_1_120' title='bbox 263 2420 347 2476; x_wconf 89' lang='lat' dir='ltr'>teret</span> <span class='ocrx_word' id='word_1_121' title='bbox 371 2414 401 2475; x_wconf 93' lang='lat' dir='ltr'>in</span> <span class='ocrx_word' id='word_1_122' title='bbox 425 2429 483 2475; x_wconf 84' lang='lat' dir='ltr'>suo</span> <span class='ocrx_word' id='word_1_123' title='bbox 511 2412 624 2490; x_wconf 85' lang='lat' dir='ltr'>nihilo,</span> <span class='ocrx_word' id='word_1_124' title='bbox 657 2413 778 2477; x_wconf 90' lang='lat' dir='ltr'>deinde</span> <span class='ocrx_word' id='word_1_125' title='bbox 810 2414 1036 2477; x_wconf 72' lang='lat' dir='ltr'>extraheretur</span> <span class='ocrx_word' id='word_1_126' title='bbox 1057 2416 1142 2478; x_wconf 90' lang='lat' dir='ltr'>omni</span> 
     </span>
     <span class='ocr_line' id='line_1_19' title="bbox 262 2515 1143 2601; baseline 0.003 -21"><span class='ocrx_word' id='word_1_127' title='bbox 262 2517 410 2601; x_wconf 85' lang='lat' dir='ltr'>potentia</span> <span class='ocrx_word' id='word_1_128' title='bbox 433 2515 620 2580; x_wconf 80' lang='lat' dir='ltr'>Conditoris</span> <span class='ocrx_word' id='word_1_129' title='bbox 647 2515 689 2580; x_wconf 91' lang='lat' dir='ltr'>ad</span> <span class='ocrx_word' id='word_1_130' title='bbox 713 2536 798 2582; x_wconf 89' lang='lat' dir='ltr'>esse.</span> <span class='ocrx_word' id='word_1_131' title='bbox 844 2515 1011 2591; x_wconf 90' lang='lat' dir='ltr'>Secundo,</span> <span class='ocrx_word' id='word_1_132' title='bbox 1034 2528 1066 2579; x_wconf 87' lang='lat' dir='ltr'>ut</span> <span class='ocrx_word' id='word_1_133' title='bbox 1091 2525 1143 2583; x_wconf 89' lang='lat' dir='ltr'>est</span> 
     </span>
     <span class='ocr_line' id='line_1_20' title="bbox 263 2620 1143 2703; baseline -0.001 -19"><span class='ocrx_word' id='word_1_134' title='bbox 263 2621 391 2703; x_wconf 85' lang='lat' dir='ltr'>quidem</span> <span class='ocrx_word' id='word_1_135' title='bbox 425 2620 604 2684; x_wconf 86' lang='lat' dir='ltr'>descensus</span> <span class='ocrx_word' id='word_1_136' title='bbox 633 2620 690 2685; x_wconf 89' lang='lat' dir='ltr'>vel</span> <span class='ocrx_word' id='word_1_137' title='bbox 720 2620 880 2684; x_wconf 82' lang='lat' dir='ltr'>emanatio</span> <span class='ocrx_word' id='word_1_138' title='bbox 908 2621 954 2683; x_wconf 90' lang='lat' dir='ltr'>rei</span> <span class='ocrx_word' id='word_1_139' title='bbox 979 2640 1018 2684; x_wconf 87' lang='lat' dir='ltr'>ex</span> <span class='ocrx_word' id='word_1_140' title='bbox 1043 2622 1143 2683; x_wconf 91' lang='lat' dir='ltr'>omni·</span> 
     </span>
     <span class='ocr_line' id='line_1_21' title="bbox 262 2722 1141 2808; baseline 0 -19"><span class='ocrx_word' id='word_1_141' title='bbox 262 2726 408 2808; x_wconf 87' lang='lat' dir='ltr'>potentia</span> <span class='ocrx_word' id='word_1_142' title='bbox 433 2723 616 2790; x_wconf 73' lang='lat' dir='ltr'>Conditoris</span> <span class='ocrx_word' id='word_1_143' title='bbox 640 2722 716 2804; x_wconf 94' lang='lat' dir='ltr'>(ubi</span> <span class='ocrx_word' id='word_1_144' title='bbox 739 2732 834 2789; x_wconf 87' lang='lat' dir='ltr'>autea</span> <span class='ocrx_word' id='word_1_145' title='bbox 855 2724 1040 2802; x_wconf 89' lang='lat' dir='ltr'>eminenter,</span> <span class='ocrx_word' id='word_1_146' title='bbox 1061 2734 1141 2789; x_wconf 90' lang='lat' dir='ltr'>tam·</span> 
     </span>
     <span class='ocr_line' id='line_1_22' title="bbox 264 2828 1140 2912; baseline 0.001 -21"><span class='ocrx_word' id='word_1_147' title='bbox 264 2848 358 2909; x_wconf 85' lang='lat' dir='ltr'>quarn</span> <span class='ocrx_word' id='word_1_148' title='bbox 382 2829 413 2891; x_wconf 92' lang='lat' dir='ltr'>in</span> <span class='ocrx_word' id='word_1_149' title='bbox 437 2830 566 2910; x_wconf 80' lang='lat' dir='ltr'>radice,</span> <span class='ocrx_word' id='word_1_150' title='bbox 599 2835 631 2893; x_wconf 87' lang='lat' dir='ltr'>et</span> <span class='ocrx_word' id='word_1_151' title='bbox 662 2838 694 2893; x_wconf 87' lang='lat' dir='ltr'>ut</span> <span class='ocrx_word' id='word_1_152' title='bbox 717 2829 747 2893; x_wconf 93' lang='lat' dir='ltr'>in</span> <span class='ocrx_word' id='word_1_153' title='bbox 778 2828 869 2910; x_wconf 88' lang='lat' dir='ltr'>idea,</span> <span class='ocrx_word' id='word_1_154' title='bbox 899 2828 1140 2912; x_wconf 87' lang='lat' dir='ltr'>continebatur)</span> 
     </span>
     <span class='ocr_line' id='line_1_23' title="bbox 262 2933 1140 3015; baseline 0 -18"><span class='ocrx_word' id='word_1_155' title='bbox 262 2934 295 2997; x_wconf 92' lang='lat' dir='ltr'>in</span> <span class='ocrx_word' id='word_1_156' title='bbox 319 2952 409 2998; x_wconf 90' lang='lat' dir='ltr'>suum</span> <span class='ocrx_word' id='word_1_157' title='bbox 432 2953 510 2998; x_wconf 85' lang='lat' dir='ltr'>esse</span> <span class='ocrx_word' id='word_1_158' title='bbox 530 2933 664 2998; x_wconf 87' lang='lat' dir='ltr'>formale</span> <span class='ocrx_word' id='word_1_159' title='bbox 686 2941 718 2997; x_wconf 90' lang='lat' dir='ltr'>et</span> <span class='ocrx_word' id='word_1_160' title='bbox 748 2933 895 3015; x_wconf 79' lang='lat' dir='ltr'>actuale3</span> <span class='ocrx_word' id='word_1_161' title='bbox 924 2933 1007 2997; x_wconf 91' lang='lat' dir='ltr'>sicut</span> <span class='ocrx_word' id='word_1_162' title='bbox 1037 2934 1140 2997; x_wconf 92' lang='lat' dir='ltr'>lumen</span> 
     </span>
     <span class='ocr_line' id='line_1_24' title="bbox 264 3037 1142 3120; baseline 0.001 -21"><span class='ocrx_word' id='word_1_163' title='bbox 264 3038 381 3101; x_wconf 90' lang='lat' dir='ltr'>dicitur</span> <span class='ocrx_word' id='word_1_164' title='bbox 404 3058 553 3103; x_wconf 86' lang='lat' dir='ltr'>emanare</span> <span class='ocrx_word' id='word_1_165' title='bbox 577 3058 595 3101; x_wconf 87' lang='lat' dir='ltr'>a</span> <span class='ocrx_word' id='word_1_166' title='bbox 619 3038 708 3120; x_wconf 84' lang='lat' dir='ltr'>sole,</span> <span class='ocrx_word' id='word_1_167' title='bbox 727 3038 819 3102; x_wconf 89' lang='lat' dir='ltr'>calor</span> <span class='ocrx_word' id='word_1_168' title='bbox 837 3040 878 3101; x_wconf 88' lang='lat' dir='ltr'>ab</span> <span class='ocrx_word' id='word_1_169' title='bbox 895 3037 989 3120; x_wconf 75' lang='lat' dir='ltr'>igne,</span> <span class='ocrx_word' id='word_1_170' title='bbox 1012 3037 1142 3120; x_wconf 82' lang='lat' dir='ltr'>species</span> 
     </span>
     <span class='ocr_line' id='line_1_25' title="bbox 264 3140 1143 3225; baseline 0.001 -22"><span class='ocrx_word' id='word_1_171' title='bbox 264 3141 409 3206; x_wconf 83' lang='lat' dir='ltr'>visibiles</span> <span class='ocrx_word' id='word_1_172' title='bbox 434 3144 474 3205; x_wconf 87' lang='lat' dir='ltr'>ab</span> <span class='ocrx_word' id='word_1_173' title='bbox 498 3140 652 3225; x_wconf 81' lang='lat' dir='ltr'>objectis,</span> <span class='ocrx_word' id='word_1_174' title='bbox 687 3144 798 3225; x_wconf 81' lang='lat' dir='ltr'>imago·</span> <span class='ocrx_word' id='word_1_175' title='bbox 822 3145 864 3205; x_wconf 89' lang='lat' dir='ltr'>ab</span> <span class='ocrx_word' id='word_1_176' title='bbox 899 3150 968 3207; x_wconf 90' lang='lat' dir='ltr'>arte</span> <span class='ocrx_word' id='word_1_177' title='bbox 997 3141 1143 3224; x_wconf 82' lang='lat' dir='ltr'>artificis,</span> 
     </span>
     <span class='ocr_line' id='line_1_26' title="bbox 264 3244 1141 3327; baseline 0.001 -18"><span class='ocrx_word' id='word_1_178' title='bbox 264 3254 325 3310; x_wconf 88' lang='lat' dir='ltr'>etc.</span> <span class='ocrx_word' id='word_1_179' title='bbox 371 3244 490 3311; x_wconf 88' lang='lat' dir='ltr'>Omitto</span> <span class='ocrx_word' id='word_1_180' title='bbox 520 3247 585 3310; x_wconf 87' lang='lat' dir='ltr'>alia</span> <span class='ocrx_word' id='word_1_181' title='bbox 608 3246 720 3324; x_wconf 88' lang='lat' dir='ltr'>multa,</span> <span class='ocrx_word' id='word_1_182' title='bbox 742 3256 835 3327; x_wconf 70' lang='lat' dir='ltr'>&#39;quae</span> <span class='ocrx_word' id='word_1_183' title='bbox 858 3254 1009 3312; x_wconf 86' lang='lat' dir='ltr'>accurate</span> <span class='ocrx_word' id='word_1_184' title='bbox 1034 3245 1141 3311; x_wconf 87' lang='lat' dir='ltr'>consi·</span> 
     </span>
     <span class='ocr_line' id='line_1_27' title="bbox 263 3351 868 3437; baseline 0 -21"><span class='ocrx_word' id='word_1_185' title='bbox 263 3351 389 3416; x_wconf 89' lang='lat' dir='ltr'>deranti</span> <span class='ocrx_word' id='word_1_186' title='bbox 412 3364 548 3433; x_wconf 81' lang='lat' dir='ltr'>possunt</span> <span class='ocrx_word' id='word_1_187' title='bbox 567 3352 663 3437; x_wconf 83' lang='lat' dir='ltr'>facile</span> <span class='ocrx_word' id='word_1_188' title='bbox 686 3370 868 3416; x_wconf 88' lang='lat' dir='ltr'>occurrere.</span> 
     </span>
    </p>
   </div>
   <div class='ocr_carea' id='block_1_5' title="bbox 0 0 1416 4317">
    <p class='ocr_par' dir='ltr' id='par_1_5' title="bbox 0 0 1416 4317">
     <span class='ocr_line' id='line_1_28' title="bbox 0 0 1416 4317; baseline 0 0"><span class='ocrx_word' id='word_1_189' title='bbox 0 0 1416 4317; x_wconf 95' lang='lat' dir='ltr'> </span> 
     </span>
    </p>
   </div>
  </div>
 </body>
</html>
