<?xml version="1.0" encoding="UTF-8"?>
<!DOCTYPE html PUBLIC "-//W3C//DTD XHTML 1.0 Transitional//EN"
    "http://www.w3.org/TR/xhtml1/DTD/xhtml1-transitional.dtd">
<html xmlns="http://www.w3.org/1999/xhtml" xml:lang="en" lang="en">
 <head>
  <title>
</title>
<meta http-equiv="Content-Type" content="text/html;charset=utf-8" />
  <meta name='ocr-system' content='tesseract 3.04.00' />
  <meta name='ocr-capabilities' content='ocr_page ocr_carea ocr_par ocr_line ocrx_word'/>
</head>
<body>
  <div class='ocr_page' id='page_1' title='image "./leonardilessiio00lessgoog_0287.png"; bbox 0 0 2817 4317; ppageno 0'>
   <div class='ocr_carea' id='block_1_1' title="bbox 662 768 878 826">
    <p class='ocr_par' dir='ltr' id='par_1_1' title="bbox 662 768 878 826">
     <span class='ocr_line' id='line_1_1' title="bbox 662 768 878 826; baseline -0.014 0"><span class='ocrx_word' id='word_1_1' title='bbox 662 768 839 826; x_wconf 76' lang='lat' dir='ltr'><strong>PRECATIO</strong></span> <span class='ocrx_word' id='word_1_2' title='bbox 858 770 878 824; x_wconf 90' lang='lat' dir='ltr'><strong><em>l.</em></strong></span> 
     </span>
    </p>
   </div>
   <div class='ocr_carea' id='block_1_2' title="bbox 540 900 991 1106">
    <p class='ocr_par' dir='ltr' id='par_1_2' title="bbox 540 900 991 1106">
     <span class='ocr_line' id='line_1_2' title="bbox 578 900 955 968; baseline -0.011 -1"><span class='ocrx_word' id='word_1_3' title='bbox 578 904 627 968; x_wconf 84' lang='lat' dir='ltr'><strong><em>Ab</em></strong></span> <span class='ocrx_word' id='word_1_4' title='bbox 646 902 864 968; x_wconf 79' lang='lat' dir='ltr'><strong><em>beatitudinem</em></strong></span> <span class='ocrx_word' id='word_1_5' title='bbox 886 900 955 965; x_wconf 84' lang='lat' dir='ltr'><strong><em>Det.</em></strong></span> 
     </span>
     <span class='ocr_line' id='line_1_3' title="bbox 540 1035 991 1106; baseline -0.007 -14"><span class='ocrx_word' id='word_1_6' title='bbox 540 1037 581 1092; x_wconf 82' lang='lat' dir='ltr'><strong><em>Ex</em></strong></span> <span class='ocrx_word' id='word_1_7' title='bbox 599 1035 646 1090; x_wconf 89' lang='lat' dir='ltr'>lib.</span> <span class='ocrx_word' id='word_1_8' title='bbox 665 1037 688 1093; x_wconf 82' lang='lat'><strong><em>9.</em></strong></span> <span class='ocrx_word' id='word_1_9' title='bbox 708 1037 740 1089; x_wconf 86' lang='lat' dir='ltr'><strong><em>de</em></strong></span> <span class='ocrx_word' id='word_1_10' title='bbox 758 1035 868 1105; x_wconf 77' lang='lat' dir='ltr'><strong><em>Perfert.</em></strong></span> <span class='ocrx_word' id='word_1_11' title='bbox 882 1050 945 1106; x_wconf 81' lang='lat' dir='ltr'><strong><em>cap.</em></strong></span> <span class='ocrx_word' id='word_1_12' title='bbox 966 1036 991 1092; x_wconf 88' lang='lat'><strong><em>5.</em></strong></span> 
     </span>
    </p>
   </div>
   <div class='ocr_carea' id='block_1_3' title="bbox 321 1166 1206 3553">
    <p class='ocr_par' dir='ltr' id='par_1_3' title="bbox 321 1166 1206 3553">
     <span class='ocr_line' id='line_1_4' title="bbox 367 1166 1203 1250; baseline 0.002 -19"><span class='ocrx_word' id='word_1_13' title='bbox 367 1167 393 1231; x_wconf 88' lang='lat'><em>0</em></span> <span class='ocrx_word' id='word_1_14' title='bbox 425 1166 547 1247; x_wconf 86' lang='lat' dir='ltr'><strong><em>paando</em></strong></span> <span class='ocrx_word' id='word_1_15' title='bbox 578 1168 714 1244; x_wconf 86' lang='lat' dir='ltr'><strong><em>veniam,</em></strong></span> <span class='ocrx_word' id='word_1_16' title='bbox 749 1172 779 1231; x_wconf 92' lang='lat' dir='ltr'><strong><em>et</em></strong></span> <span class='ocrx_word' id='word_1_17' title='bbox 803 1167 964 1250; x_wconf 76' lang='lat' dir='ltr'><strong><em>apparebo</em></strong></span> <span class='ocrx_word' id='word_1_18' title='bbox 994 1172 1075 1232; x_wconf 90' lang='lat' dir='ltr'><strong><em>ante</em></strong></span> <span class='ocrx_word' id='word_1_19' title='bbox 1103 1166 1203 1250; x_wconf 71' lang='lat' dir='ltr'><strong><em>paene</em></strong></span> 
     </span>
     <span class='ocr_line' id='line_1_5' title="bbox 323 1269 1204 1353; baseline 0.001 -19"><span class='ocrx_word' id='word_1_20' title='bbox 323 1270 433 1334; x_wconf 86' lang='lat' dir='ltr'><strong><em>taam?</em></strong></span> <span class='ocrx_word' id='word_1_21' title='bbox 476 1270 599 1351; x_wconf 84' lang='lat' dir='ltr'><strong><em>paaodo</em></strong></span> <span class='ocrx_word' id='word_1_22' title='bbox 623 1269 766 1335; x_wconf 80' lang='lat' dir='ltr'><strong><em>satiabor</em></strong></span> <span class='ocrx_word' id='word_1_23' title='bbox 788 1272 889 1351; x_wconf 75' lang='lat' dir='ltr'><strong><em>pterea</em></strong></span> <span class='ocrx_word' id='word_1_24' title='bbox 912 1271 994 1336; x_wconf 82' lang='lat' dir='ltr'><strong><em>toa?</em></strong></span> <span class='ocrx_word' id='word_1_25' title='bbox 1018 1272 1148 1353; x_wconf 83' lang='lat' dir='ltr'><strong><em>pcando</em></strong></span> <span class='ocrx_word' id='word_1_26' title='bbox 1166 1278 1204 1336; x_wconf 93' lang='lat' dir='ltr'><strong><em>to·</em></strong></span> 
     </span>
     <span class='ocr_line' id='line_1_6' title="bbox 321 1373 1205 1457; baseline 0.001 -20"><span class='ocrx_word' id='word_1_27' title='bbox 321 1379 370 1438; x_wconf 80' lang='lat' dir='ltr'><strong><em>tas</em></strong></span> <span class='ocrx_word' id='word_1_28' title='bbox 393 1379 421 1438; x_wconf 92' lang='lat' dir='ltr'><strong><em>et</em></strong></span> <span class='ocrx_word' id='word_1_29' title='bbox 440 1375 573 1438; x_wconf 82' lang='lat' dir='ltr'><strong><em>totaliter</em></strong></span> <span class='ocrx_word' id='word_1_30' title='bbox 597 1374 710 1438; x_wconf 88' lang='lat' dir='ltr'><strong><em>amabo</em></strong></span> <span class='ocrx_word' id='word_1_31' title='bbox 731 1381 770 1456; x_wconf 87' lang='lat' dir='ltr'><strong><em>te,</em></strong></span> <span class='ocrx_word' id='word_1_32' title='bbox 796 1380 826 1440; x_wconf 93' lang='lat' dir='ltr'><strong><em>et</em></strong></span> <span class='ocrx_word' id='word_1_33' title='bbox 847 1381 877 1440; x_wconf 90' lang='lat' dir='ltr'><strong><em>te</em></strong></span> <span class='ocrx_word' id='word_1_34' title='bbox 896 1374 964 1441; x_wconf 76' lang='lat' dir='ltr'><strong><em>solo</em></strong></span> <span class='ocrx_word' id='word_1_35' title='bbox 985 1373 1108 1457; x_wconf 70' lang='lat' dir='ltr'><strong><em>secor?</em></strong></span> <span class='ocrx_word' id='word_1_36' title='bbox 1152 1374 1205 1441; x_wconf 85' lang='lat' dir='ltr'><strong><em>Per</em></strong></span> 
     </span>
     <span class='ocr_line' id='line_1_7' title="bbox 324 1476 1206 1560; baseline 0.001 -19"><span class='ocrx_word' id='word_1_37' title='bbox 324 1495 466 1542; x_wconf 86' lang='lat' dir='ltr'><strong><em>amorem</em></strong></span> <span class='ocrx_word' id='word_1_38' title='bbox 490 1476 533 1540; x_wconf 83' lang='lat' dir='ltr'><strong><em>ad</em></strong></span> <span class='ocrx_word' id='word_1_39' title='bbox 555 1493 616 1540; x_wconf 89' lang='lat' dir='ltr'><strong><em>nos</em></strong></span> <span class='ocrx_word' id='word_1_40' title='bbox 639 1476 825 1558; x_wconf 79' lang='lat' dir='ltr'><strong><em>descendis,</em></strong></span> <span class='ocrx_word' id='word_1_41' title='bbox 861 1485 894 1541; x_wconf 90' lang='lat' dir='ltr'><strong><em>ut</em></strong></span> <span class='ocrx_word' id='word_1_42' title='bbox 917 1480 1042 1560; x_wconf 83' lang='lat' dir='ltr'><strong><em>emeris</em></strong></span> <span class='ocrx_word' id='word_1_43' title='bbox 1065 1480 1099 1544; x_wconf 92' lang='lat' dir='ltr'><strong><em>in</em></strong></span> <span class='ocrx_word' id='word_1_44' title='bbox 1124 1480 1206 1546; x_wconf 89' lang='lat' dir='ltr'><strong><em>nohis</em></strong></span> 
     </span>
     <span class='ocr_line' id='line_1_8' title="bbox 323 1581 1206 1667; baseline 0 -20"><span class='ocrx_word' id='word_1_45' title='bbox 323 1584 473 1648; x_wconf 82' lang='lat' dir='ltr'><strong><em>ardorem</em></strong></span> <span class='ocrx_word' id='word_1_46' title='bbox 497 1581 675 1667; x_wconf 79' lang='lat' dir='ltr'><strong><em>accepdes,</em></strong></span> <span class='ocrx_word' id='word_1_47' title='bbox 708 1592 741 1647; x_wconf 90' lang='lat' dir='ltr'><strong><em>et</em></strong></span> <span class='ocrx_word' id='word_1_48' title='bbox 763 1602 824 1666; x_wconf 89' lang='lat' dir='ltr'><strong><em>per</em></strong></span> <span class='ocrx_word' id='word_1_49' title='bbox 846 1583 932 1647; x_wconf 90' lang='lat' dir='ltr'>illum</span> <span class='ocrx_word' id='word_1_50' title='bbox 956 1603 1089 1649; x_wconf 84' lang='lat' dir='ltr'><strong><em>sorsum</em></strong></span> <span class='ocrx_word' id='word_1_51' title='bbox 1115 1584 1206 1650; x_wconf 82' lang='lat' dir='ltr'><strong><em>corda</em></strong></span> 
     </span>
     <span class='ocr_line' id='line_1_9' title="bbox 323 1679 1205 1771; baseline 0.002 -22"><span class='ocrx_word' id='word_1_52' title='bbox 323 1694 435 1751; x_wconf 83' lang='lat' dir='ltr'><strong><em>nostra</em></strong></span> <span class='ocrx_word' id='word_1_53' title='bbox 458 1687 589 1769; x_wconf 79' lang='lat' dir='ltr'><strong><em>rapias,</em></strong></span> <span class='ocrx_word' id='word_1_54' title='bbox 612 1695 645 1749; x_wconf 92' lang='lat' dir='ltr'><strong><em>et</em></strong></span> <span class='ocrx_word' id='word_1_55' title='bbox 671 1687 702 1750; x_wconf 91' lang='lat' dir='ltr'><strong><em>in</em></strong></span> <span class='ocrx_word' id='word_1_56' title='bbox 727 1695 759 1751; x_wconf 90' lang='lat' dir='ltr'><strong><em>te</em></strong></span> <span class='ocrx_word' id='word_1_57' title='bbox 781 1696 965 1752; x_wconf 85' lang='lat' dir='ltr'><strong><em>convertas.</em></strong></span> <span class='ocrx_word' id='word_1_58' title='bbox 988 1679 1110 1754; x_wconf 72' lang='lat' dir='ltr'><strong><em>&#39;Sicut</em></strong></span> <span class='ocrx_word' id='word_1_59' title='bbox 1132 1689 1205 1771; x_wconf 75' lang='lat' dir='ltr'>ignis</span> 
     </span>
     <span class='ocr_line' id='line_1_10' title="bbox 323 1790 1205 1875; baseline 0.003 -21"><span class='ocrx_word' id='word_1_60' title='bbox 323 1792 357 1855; x_wconf 90' lang='lat' dir='ltr'><strong><em>vi</em></strong></span> <span class='ocrx_word' id='word_1_61' title='bbox 380 1791 506 1856; x_wconf 84' lang='lat' dir='ltr'><strong><em>ardoris</em></strong></span> <span class='ocrx_word' id='word_1_62' title='bbox 529 1791 579 1854; x_wconf 85' lang='lat' dir='ltr'><strong><em>sui</em></strong></span> <span class='ocrx_word' id='word_1_63' title='bbox 603 1792 708 1856; x_wconf 82' lang='lat' dir='ltr'><strong><em>omnic</em></strong></span> <span class='ocrx_word' id='word_1_64' title='bbox 730 1791 762 1854; x_wconf 92' lang='lat' dir='ltr'><strong><em>in</em></strong></span> <span class='ocrx_word' id='word_1_65' title='bbox 781 1810 819 1855; x_wconf 88' lang='lat' dir='ltr'><strong><em>se</em></strong></span> <span class='ocrx_word' id='word_1_66' title='bbox 834 1790 1013 1870; x_wconf 88' lang='lat' dir='ltr'><strong><em>convertit,</em></strong></span> <span class='ocrx_word' id='word_1_67' title='bbox 1037 1794 1089 1858; x_wconf 87' lang='lat' dir='ltr'><strong><em>sic</em></strong></span> <span class='ocrx_word' id='word_1_68' title='bbox 1113 1802 1148 1859; x_wconf 88' lang='lat' dir='ltr'><strong><em>tn</em></strong></span> <span class='ocrx_word' id='word_1_69' title='bbox 1164 1793 1205 1875; x_wconf 65' lang='lat' dir='ltr'><strong><em>ip</em></strong></span> 
     </span>
     <span class='ocr_line' id='line_1_11' title="bbox 324 1883 1205 1978; baseline 0.006 -21"><span class='ocrx_word' id='word_1_70' title='bbox 324 1896 373 1959; x_wconf 90' lang='lat' dir='ltr'><strong><em>nis</em></strong></span> <span class='ocrx_word' id='word_1_71' title='bbox 397 1914 599 1975; x_wconf 85' lang='lat' dir='ltr'><strong><em>consumens,</em></strong></span> <span class='ocrx_word' id='word_1_72' title='bbox 623 1895 654 1957; x_wconf 93' lang='lat' dir='ltr'><strong><em>vi</em></strong></span> <span class='ocrx_word' id='word_1_73' title='bbox 678 1897 807 1961; x_wconf 83' lang='lat' dir='ltr'><strong><em>amoris.</em></strong></span> <span class='ocrx_word' id='word_1_74' title='bbox 842 1883 1000 1978; x_wconf 80' lang='lat' dir='ltr'><strong><em>Accende</em></strong></span> <span class='ocrx_word' id='word_1_75' title='bbox 1025 1898 1133 1965; x_wconf 80' lang='lat' dir='ltr'><strong><em>corda</em></strong></span> <span class='ocrx_word' id='word_1_76' title='bbox 1156 1915 1205 1962; x_wconf 80' lang='lat' dir='ltr'><strong><em>ne</em></strong></span> 
     </span>
     <span class='ocr_line' id='line_1_12' title="bbox 325 1999 1205 2094; baseline 0 -31"><span class='ocrx_word' id='word_1_77' title='bbox 325 2010 393 2063; x_wconf 82' lang='lat' dir='ltr'><strong><em>stra</em></strong></span> <span class='ocrx_word' id='word_1_78' title='bbox 417 2002 493 2083; x_wconf 83' lang='lat' dir='ltr'><strong><em>igne</em></strong></span> <span class='ocrx_word' id='word_1_79' title='bbox 528 2001 647 2064; x_wconf 84' lang='lat' dir='ltr'><strong><em>amoris</em></strong></span> <span class='ocrx_word' id='word_1_80' title='bbox 672 2000 734 2081; x_wconf 90' lang='lat' dir='ltr'><strong><em>tui,</em></strong></span> <span class='ocrx_word' id='word_1_81' title='bbox 756 2006 790 2065; x_wconf 89' lang='lat' dir='ltr'><strong><em>et</em></strong></span> <span class='ocrx_word' id='word_1_82' title='bbox 812 2017 851 2063; x_wconf 85' lang='lat' dir='ltr'><strong><em>en</em></strong></span> <span class='ocrx_word' id='word_1_83' title='bbox 874 1999 905 2062; x_wconf 91' lang='lat' dir='ltr'><strong><em>in</em></strong></span> <span class='ocrx_word' id='word_1_84' title='bbox 928 2006 962 2063; x_wconf 89' lang='lat' dir='ltr'><strong><em>te</em></strong></span> <span class='ocrx_word' id='word_1_85' title='bbox 984 2010 1159 2094; x_wconf 68' lang='lat' dir='ltr'><strong><em>converte,</em></strong></span> <span class='ocrx_word' id='word_1_86' title='bbox 1179 2009 1205 2063; x_wconf 87' lang='lat' dir='ltr'><strong><em>nt</em></strong></span> 
     </span>
     <span class='ocr_line' id='line_1_13' title="bbox 322 2100 1205 2191; baseline 0.002 -22"><span class='ocrx_word' id='word_1_87' title='bbox 322 2106 402 2169; x_wconf 87' lang='lat' dir='ltr'>nihil</span> <span class='ocrx_word' id='word_1_88' title='bbox 425 2111 556 2187; x_wconf 84' lang='lat' dir='ltr'><strong><em>praeter</em></strong></span> <span class='ocrx_word' id='word_1_89' title='bbox 579 2113 611 2168; x_wconf 88' lang='lat' dir='ltr'><strong><em>te</em></strong></span> <span class='ocrx_word' id='word_1_90' title='bbox 635 2112 668 2169; x_wconf 90' lang='lat' dir='ltr'><strong><em>et</em></strong></span> <span class='ocrx_word' id='word_1_91' title='bbox 690 2100 744 2168; x_wconf 85' lang='lat' dir='ltr'><strong><em>tna</em></strong></span> <span class='ocrx_word' id='word_1_92' title='bbox 769 2104 972 2185; x_wconf 83' lang='lat' dir='ltr'><strong><em>cogitemus,</em></strong></span> <span class='ocrx_word' id='word_1_93' title='bbox 994 2106 1079 2172; x_wconf 88' lang='lat' dir='ltr'>nihil</span> <span class='ocrx_word' id='word_1_94' title='bbox 1105 2105 1205 2191; x_wconf 81' lang='lat' dir='ltr'><strong><em>sapic·</em></strong></span> 
     </span>
     <span class='ocr_line' id='line_1_14' title="bbox 323 2194 1206 2296; baseline 0 -21"><span class='ocrx_word' id='word_1_95' title='bbox 323 2231 403 2288; x_wconf 88' lang='lat' dir='ltr'><strong><em>mus,</em></strong></span> <span class='ocrx_word' id='word_1_96' title='bbox 421 2211 501 2274; x_wconf 88' lang='lat' dir='ltr'>nihil</span> <span class='ocrx_word' id='word_1_97' title='bbox 516 2210 704 2286; x_wconf 86' lang='lat' dir='ltr'><strong><em>sentiemus,</em></strong></span> <span class='ocrx_word' id='word_1_98' title='bbox 725 2208 803 2272; x_wconf 91' lang='lat' dir='ltr'>nihil</span> <span class='ocrx_word' id='word_1_99' title='bbox 814 2194 997 2292; x_wconf 83' lang='lat' dir='ltr'><strong><em>loquamur,</em></strong></span> <span class='ocrx_word' id='word_1_100' title='bbox 1021 2209 1105 2276; x_wconf 89' lang='lat' dir='ltr'>nihil</span> <span class='ocrx_word' id='word_1_101' title='bbox 1122 2218 1206 2296; x_wconf 85' lang='lat' dir='ltr'><strong><em>epte·</em></strong></span> 
     </span>
     <span class='ocr_line' id='line_1_15' title="bbox 323 2312 1206 2397; baseline 0.003 -19"><span class='ocrx_word' id='word_1_102' title='bbox 323 2336 402 2380; x_wconf 90' lang='lat' dir='ltr'><strong><em>mus.</em></strong></span> <span class='ocrx_word' id='word_1_103' title='bbox 445 2314 505 2380; x_wconf 88' lang='lat' dir='ltr'><strong><em>llle</em></strong></span> <span class='ocrx_word' id='word_1_104' title='bbox 528 2333 587 2379; x_wconf 91' lang='lat' dir='ltr'><strong><em>nos</em></strong></span> <span class='ocrx_word' id='word_1_105' title='bbox 611 2312 774 2379; x_wconf 75' lang='lat' dir='ltr'><strong><em>excedere</em></strong></span> <span class='ocrx_word' id='word_1_106' title='bbox 795 2312 897 2377; x_wconf 84' lang='lat' dir='ltr'><strong><em>faciet</em></strong></span> <span class='ocrx_word' id='word_1_107' title='bbox 920 2331 939 2377; x_wconf 82' lang='lat' dir='ltr'><strong><em>a</em></strong></span> <span class='ocrx_word' id='word_1_108' title='bbox 962 2315 1068 2397; x_wconf 84' lang='lat' dir='ltr'><strong><em>nohis,</em></strong></span> <span class='ocrx_word' id='word_1_109' title='bbox 1094 2314 1206 2381; x_wconf 83' lang='lat' dir='ltr'><strong><em>nostri·</em></strong></span> 
     </span>
     <span class='ocr_line' id='line_1_16' title="bbox 325 2417 1206 2505; baseline 0 -19"><span class='ocrx_word' id='word_1_110' title='bbox 325 2441 397 2504; x_wconf 87' lang='lat' dir='ltr'><strong><em>qne,</em></strong></span> <span class='ocrx_word' id='word_1_111' title='bbox 421 2420 514 2503; x_wconf 82' lang='lat' dir='ltr'><strong><em>quasi</em></strong></span> <span class='ocrx_word' id='word_1_112' title='bbox 535 2437 597 2483; x_wconf 91' lang='lat' dir='ltr'><strong><em>non</em></strong></span> <span class='ocrx_word' id='word_1_113' title='bbox 618 2420 728 2500; x_wconf 88' lang='lat' dir='ltr'><strong><em>simus,</em></strong></span> <span class='ocrx_word' id='word_1_114' title='bbox 751 2417 910 2499; x_wconf 77' lang='lat' dir='ltr'><strong><em>oblivisci,</em></strong></span> <span class='ocrx_word' id='word_1_115' title='bbox 932 2418 1012 2482; x_wconf 84' lang='lat' dir='ltr'><strong><em>etin</em></strong></span> <span class='ocrx_word' id='word_1_116' title='bbox 1035 2425 1069 2483; x_wconf 85' lang='lat' dir='ltr'><strong><em>te</em></strong></span> <span class='ocrx_word' id='word_1_117' title='bbox 1094 2422 1206 2505; x_wconf 78' lang='lat' dir='ltr'><strong><em>migra·</em></strong></span> 
     </span>
     <span class='ocr_line' id='line_1_17' title="bbox 323 2519 1206 2607; baseline 0 -19"><span class='ocrx_word' id='word_1_118' title='bbox 323 2546 376 2607; x_wconf 87' lang='lat' dir='ltr'><strong><em>re,</em></strong></span> <span class='ocrx_word' id='word_1_119' title='bbox 398 2525 430 2589; x_wconf 90' lang='lat' dir='ltr'><strong><em>in</em></strong></span> <span class='ocrx_word' id='word_1_120' title='bbox 453 2532 486 2588; x_wconf 90' lang='lat' dir='ltr'><strong><em>te</em></strong></span> <span class='ocrx_word' id='word_1_121' title='bbox 508 2524 714 2605; x_wconf 83' lang='lat' dir='ltr'><strong><em>commorari,</em></strong></span> <span class='ocrx_word' id='word_1_122' title='bbox 745 2522 857 2587; x_wconf 88' lang='lat' dir='ltr'><strong><em>vivere</em></strong></span> <span class='ocrx_word' id='word_1_123' title='bbox 881 2529 914 2585; x_wconf 89' lang='lat' dir='ltr'><strong><em>et</em></strong></span> <span class='ocrx_word' id='word_1_124' title='bbox 938 2519 1123 2607; x_wconf 72' lang='lat' dir='ltr'><strong><em>delectori,</em></strong></span> <span class='ocrx_word' id='word_1_125' title='bbox 1160 2524 1206 2588; x_wconf 83' lang='lat' dir='ltr'><strong><em>ille</em></strong></span> 
     </span>
     <span class='ocr_line' id='line_1_18' title="bbox 324 2613 1205 2711; baseline 0.001 -19"><span class='ocrx_word' id='word_1_126' title='bbox 324 2631 422 2694; x_wconf 86' lang='lat' dir='ltr'><strong><em>vitam</em></strong></span> <span class='ocrx_word' id='word_1_127' title='bbox 445 2636 588 2694; x_wconf 86' lang='lat' dir='ltr'><strong><em>nostram</em></strong></span> <span class='ocrx_word' id='word_1_128' title='bbox 611 2627 738 2710; x_wconf 83' lang='lat' dir='ltr'><strong><em>gloriae</em></strong></span> <span class='ocrx_word' id='word_1_129' title='bbox 770 2635 845 2691; x_wconf 83' lang='lat' dir='ltr'><strong><em>tune</em></strong></span> <span class='ocrx_word' id='word_1_130' title='bbox 876 2613 1092 2711; x_wconf 83' lang='lat' dir='ltr'><strong><em>impendere,</em></strong></span> <span class='ocrx_word' id='word_1_131' title='bbox 1128 2628 1205 2695; x_wconf 81' lang='lat' dir='ltr'><strong><em>nalh</em></strong></span> 
     </span>
     <span class='ocr_line' id='line_1_19' title="bbox 321 2730 1205 2819; baseline 0 -21"><span class='ocrx_word' id='word_1_132' title='bbox 321 2734 469 2819; x_wconf 86' lang='lat' dir='ltr'><strong><em>pericula</em></strong></span> <span class='ocrx_word' id='word_1_133' title='bbox 490 2732 686 2815; x_wconf 87' lang='lat' dir='ltr'><strong><em>formidare,</em></strong></span> <span class='ocrx_word' id='word_1_134' title='bbox 718 2732 825 2797; x_wconf 87' lang='lat' dir='ltr'><strong><em>nullos</em></strong></span> <span class='ocrx_word' id='word_1_135' title='bbox 847 2730 980 2795; x_wconf 85' lang='lat' dir='ltr'><strong><em>labores</em></strong></span> <span class='ocrx_word' id='word_1_136' title='bbox 1012 2730 1205 2800; x_wconf 82' lang='lat' dir='ltr'><strong><em>detrectare</em></strong></span> 
     </span>
     <span class='ocr_line' id='line_1_20' title="bbox 323 2833 1206 2906; baseline -0.002 -3"><span class='ocrx_word' id='word_1_137' title='bbox 323 2839 383 2904; x_wconf 92' lang='lat' dir='ltr'><strong><em>llle</em></strong></span> <span class='ocrx_word' id='word_1_138' title='bbox 407 2838 511 2902; x_wconf 88' lang='lat' dir='ltr'><strong><em>omnia</em></strong></span> <span class='ocrx_word' id='word_1_139' title='bbox 536 2838 693 2901; x_wconf 80' lang='lat' dir='ltr'><strong><em>mundana</em></strong></span> <span class='ocrx_word' id='word_1_140' title='bbox 713 2836 806 2900; x_wconf 92' lang='lat' dir='ltr'><strong><em>nobis</em></strong></span> <span class='ocrx_word' id='word_1_141' title='bbox 830 2842 937 2899; x_wconf 82' lang='lat' dir='ltr'><strong><em>vertet</em></strong></span> <span class='ocrx_word' id='word_1_142' title='bbox 958 2833 993 2898; x_wconf 89' lang='lat' dir='ltr'><strong><em>in</em></strong></span> <span class='ocrx_word' id='word_1_143' title='bbox 1018 2839 1206 2906; x_wconf 70' lang='lat' dir='ltr'><strong><em>amaritudi-</em></strong></span> 
     </span>
     <span class='ocr_line' id='line_1_21' title="bbox 322 2941 1205 3026; baseline 0.005 -22"><span class='ocrx_word' id='word_1_144' title='bbox 322 2961 404 3026; x_wconf 92' lang='lat' dir='ltr'><strong><em>nem,</em></strong></span> <span class='ocrx_word' id='word_1_145' title='bbox 426 2952 459 3008; x_wconf 91' lang='lat' dir='ltr'><strong><em>et</em></strong></span> <span class='ocrx_word' id='word_1_146' title='bbox 482 2944 587 3007; x_wconf 87' lang='lat' dir='ltr'><strong><em>omnia</em></strong></span> <span class='ocrx_word' id='word_1_147' title='bbox 610 2960 729 3023; x_wconf 81' lang='lat' dir='ltr'><strong><em>aspera</em></strong></span> <span class='ocrx_word' id='word_1_148' title='bbox 753 2957 813 3021; x_wconf 90' lang='lat' dir='ltr'><strong><em>pro</em></strong></span> <span class='ocrx_word' id='word_1_149' title='bbox 842 2946 874 3002; x_wconf 88' lang='lat' dir='ltr'><strong><em>te</em></strong></span> <span class='ocrx_word' id='word_1_150' title='bbox 898 2948 1058 3023; x_wconf 75' lang='lat' dir='ltr'><strong><em>suscepte</em></strong></span> <span class='ocrx_word' id='word_1_151' title='bbox 1081 2944 1120 3008; x_wconf 88' lang='lat' dir='ltr'><strong><em>in</em></strong></span> <span class='ocrx_word' id='word_1_152' title='bbox 1143 2941 1205 3008; x_wconf 83' lang='lat' dir='ltr'><strong><em>dul·</em></strong></span> 
     </span>
     <span class='ocr_line' id='line_1_22' title="bbox 323 3043 1204 3130; baseline 0.001 -19"><span class='ocrx_word' id='word_1_153' title='bbox 323 3047 478 3126; x_wconf 90' lang='lat' dir='ltr'><strong><em>cedinem,</em></strong></span> <span class='ocrx_word' id='word_1_154' title='bbox 502 3054 537 3110; x_wconf 89' lang='lat' dir='ltr'><strong><em>nt</em></strong></span> <span class='ocrx_word' id='word_1_155' title='bbox 556 3045 779 3111; x_wconf 84' lang='lat' dir='ltr'><strong><em>contumeliam</em></strong></span> <span class='ocrx_word' id='word_1_156' title='bbox 795 3051 945 3126; x_wconf 87' lang='lat' dir='ltr'><strong><em>putemus</em></strong></span> <span class='ocrx_word' id='word_1_157' title='bbox 965 3043 1121 3130; x_wconf 77' lang='lat' dir='ltr'><strong><em>gloriam,</em></strong></span> <span class='ocrx_word' id='word_1_158' title='bbox 1144 3048 1204 3112; x_wconf 89' lang='lat' dir='ltr'><strong><em>ino·</em></strong></span> 
     </span>
     <span class='ocr_line' id='line_1_23' title="bbox 323 3149 1204 3236; baseline 0 -20"><span class='ocrx_word' id='word_1_159' title='bbox 323 3154 409 3236; x_wconf 80' lang='lat' dir='ltr'><strong><em>piam</em></strong></span> <span class='ocrx_word' id='word_1_160' title='bbox 431 3152 571 3226; x_wconf 83' lang='lat' dir='ltr'><strong><em>divitias,</em></strong></span> <span class='ocrx_word' id='word_1_161' title='bbox 595 3149 841 3233; x_wconf 77' lang='lat' dir='ltr'><strong><em>persecutiones</em></strong></span> <span class='ocrx_word' id='word_1_162' title='bbox 865 3149 1145 3234; x_wconf 73' lang='lat' dir='ltr'><strong><em>prosperitatem,</em></strong></span> <span class='ocrx_word' id='word_1_163' title='bbox 1166 3152 1204 3216; x_wconf 80' lang='lat' dir='ltr'><strong><em>ie·</em></strong></span> 
     </span>
     <span class='ocr_line' id='line_1_24' title="bbox 322 3240 1203 3338; baseline 0.003 -16"><span class='ocrx_word' id='word_1_164' title='bbox 322 3256 450 3322; x_wconf 82' lang='lat' dir='ltr'><strong><em>famiam</em></strong></span> <span class='ocrx_word' id='word_1_165' title='bbox 480 3256 616 3319; x_wconf 90' lang='lat' dir='ltr'><strong><em>nominis</em></strong></span> <span class='ocrx_word' id='word_1_166' title='bbox 651 3240 884 3336; x_wconf 68' lang='lat' dir='ltr'><strong><em>celebritatem,</em></strong></span> <span class='ocrx_word' id='word_1_167' title='bbox 918 3255 1052 3321; x_wconf 85' lang='lat' dir='ltr'><strong><em>morbos</em></strong></span> <span class='ocrx_word' id='word_1_168' title='bbox 1085 3259 1203 3338; x_wconf 71' lang='lat' dir='ltr'><strong><em>solatio,</em></strong></span> 
     </span>
     <span class='ocr_line' id='line_1_25' title="bbox 322 3358 1203 3443; baseline -0.003 -16"><span class='ocrx_word' id='word_1_169' title='bbox 322 3370 457 3427; x_wconf 90' lang='lat' dir='ltr'><strong><em>mortem</em></strong></span> <span class='ocrx_word' id='word_1_170' title='bbox 487 3362 594 3425; x_wconf 86' lang='lat' dir='ltr'><strong><em>vitam.</em></strong></span> <span class='ocrx_word' id='word_1_171' title='bbox 639 3360 751 3425; x_wconf 83' lang='lat' dir='ltr'><strong><em>Omnia</em></strong></span> <span class='ocrx_word' id='word_1_172' title='bbox 774 3359 857 3423; x_wconf 89' lang='lat' dir='ltr'><strong><em>enim</em></strong></span> <span class='ocrx_word' id='word_1_173' title='bbox 887 3358 990 3443; x_wconf 86' lang='lat' dir='ltr'><strong><em>hujus¹</em></strong></span> <span class='ocrx_word' id='word_1_174' title='bbox 1010 3361 1105 3428; x_wconf 80' lang='lat' dir='ltr'><strong><em>vitae</em></strong></span> <span class='ocrx_word' id='word_1_175' title='bbox 1130 3362 1203 3430; x_wconf 78' lang='lat' dir='ltr'><strong><em>mele</em></strong></span> 
     </span>
     <span class='ocr_line' id='line_1_26' title="bbox 322 3464 1203 3553; baseline 0.005 -23"><span class='ocrx_word' id='word_1_176' title='bbox 322 3485 432 3532; x_wconf 83' lang='lat' dir='ltr'><strong><em>amore</em></strong></span> <span class='ocrx_word' id='word_1_177' title='bbox 454 3466 499 3531; x_wconf 88' lang='lat' dir='ltr'><strong><em>tui</em></strong></span> <span class='ocrx_word' id='word_1_178' title='bbox 515 3467 663 3548; x_wconf 81' lang='lat' dir='ltr'><strong><em>tolerata,</em></strong></span> <span class='ocrx_word' id='word_1_179' title='bbox 686 3465 822 3531; x_wconf 81' lang='lat' dir='ltr'><strong><em>meliora</em></strong></span> <span class='ocrx_word' id='word_1_180' title='bbox 841 3471 916 3529; x_wconf 83' lang='lat' dir='ltr'><strong><em>sunt</em></strong></span> <span class='ocrx_word' id='word_1_181' title='bbox 934 3464 1093 3534; x_wconf 84' lang='lat' dir='ltr'><strong><em>omnibus</em></strong></span> <span class='ocrx_word' id='word_1_182' title='bbox 1117 3467 1203 3553; x_wconf 73' lang='lat' dir='ltr'>huju·</span> 
     </span>
    </p>
   </div>
   <div class='ocr_carea' id='block_1_4' title="bbox 0 0 1414 4317">
    <p class='ocr_par' dir='ltr' id='par_1_4' title="bbox 0 0 1414 4317">
     <span class='ocr_line' id='line_1_27' title="bbox 0 0 1414 4317; baseline 0 0"><span class='ocrx_word' id='word_1_183' title='bbox 0 0 1414 4317; x_wconf 95' lang='lat' dir='ltr'><strong><em> </em></strong></span> 
     </span>
    </p>
   </div>
  </div>
 </body>
</html>
