2817 4317
325 572 391 640 250

327 772 360 831 et
382 764 628 847 magnitudinis,
659 781 723 847 quo
754 762 852 827 modo
884 762 971 829 coeii
1013 764 1146 831 excelsi
1166 764 1204 829 di·

326 877 454 936 cuntur:
478 869 549 934 sive
572 870 699 934 ratione
722 867 821 933 officii
851 874 885 932 et
907 868 1100 951 dignitatis,
1135 871 1206 950 sicut

328 974 501 1056 principes,
524 993 639 1057 reges,
662 972 842 1056 pontifices,
864 972 990 1039 excelsi
1013 983 1114 1040 sunt:
1147 974 1207 1039 sina

330 1079 457 1143 ratione
480 1086 645 1157 naturae,·
666 1076 750 1141 sicut
771 1074 912 1159 Augen,
946 1078 1002 1167 qui
1027 1082 1132 1146 rebus
1150 1098 1207 1145 orn·

326 1183 420 1248 uibus
444 1169 672 1265 corporalibus
686 1178 877 1260 longe-sunt
892 1181 1123 1249 excelsiores:
1146 1182 1207 1247 sive

328 1286 454 1351 ratione
489 1282 700 1367 perfectionis
731 1288 764 1346 et
795 1290 898 1348 status
930 1284 1015 1349 'sicut
1040 1285 1157 1369 Beati,
1183 1295 1209 1350 et

326 1390 482 1474 imprimis
513 1387 690 1453 humanitas
720 1384 860 1464 Christi,
893 1384 1077 1454 deinde.B.
1103 1391 1210 1473 Virgo,

327 1492 433 1556 Mater
456 1489 588 1555 Christi.
634 1487 744 1552 Omnis
767 1490 863 1574 hujus
886 1489 1098 1558 celsitudinis
1130 1494 1209 1559 ordi·

326 1601 429 1677 nator,
452 1594 613 1673 limitatur,
629 1595 820 1661 distributor
836 1614 880 1677 ac·
891 1598 1031 1679 largitor·
1048 1607 1104 1665 est
1118 1599 1210 1677 Deus,

326 1702 380 1783 qui
403 1719 517 1765 omnes
540 1706 652 1781 partes
675 1695 819 1765 universi
851 1703 1005 1785 corporei
1042 1711 1079 1769 et
1107 1704 1210 1769 incor-

325 1805 419 1888 porei
441 1804 661 1891 pulcherrimo
685 1805 800 1880 ordine
823 1805 995 1872 distribuit.

346 1912 399 1977 2.
420 1908 536 1987 Quia
527 1928 600 1991 rpse
622 1908 712 1974 solus
742 1927 814 1976 aare
834 1910 976 1996 sublimis
993 1916 1028 1977 ct
1057 1916 1212 1990 acesim

325 2035 398 2079 nam
422 2014 524 2080 omnis
553 2012 717 2078 celsitudo
749 2032 833 2096 quae
865 2022 917 2082 est
939 2015 970 2094 in
993 2017 1098 2086 rebus
1125 2036 1211 2081 crea·

325 2120 383 2201 tis,
419 2118 526 2200 ipsius
550 2116 733 2182 celsitudini
758 2128 955 2203 comparata,
978 2126 1044 2185 no'n
1071 2107 1126 2186 est
1151 2121 1209 2186 cel-

325 2223 452 2311 situdo,
472 2222 532 2285 sed
559 2219 664 2285 solum
690 2222 807 2305 imago,
830 2223 884 2288 vei
907 2224 1020 2287 umbra
1044 2224 1209 2291 celsitudi-

269 2375 272 2380 .
326 2327 375 2391 nis
413 2326 526 2409 ipsius.
572 2324 690 2389 Omnes
721 2327 807 2391 enim
837 2346 937 2409 reges
969 2334 1004 2391 et
1037 2328 1211 2413 principes,

326 2433 390 2496 imo
425 2448 537 2515 omnes
561 2425 683 2511 Angcli
715 2438 748 2495 et
780 2431 872 2495 Beati
902 2439 977 2515 sunt
1006 2434 1099 2505 servi
1134 2435 1210 2499 iilius

326 2542 360 2600 et
382 2533 549 2620 mancipia
565 2541 681 2599 natura
704 2555 782 2617 sna,
812 2537 960 2618 quamvis
982 2537 1057 2619 ipse
1079 2542 1210 2603 suabe

325 2637 497 2720 nignitate,
532 2655 592 2718 per
624 2640 945 2704 communicationem
977 2639 1121 2724 spiritus
1158 2644 1210 2719 sui,

326 2762 384 2807 eos
408 2742 440 2804 in
465 2739 547 2805 filios
572 2742 751 2825 adoptarit,
777 2752 809 2807 et
832 2745 975 2809 nomine
991 2744 1135 2829 tiliorum
1159 2767 1209 2831 ap·

325 2848 436 2931 pellet.
1040 2890 1044 2896 ·

370 2952 399 3016 3.
422 2927 648 3033 Propriissime
674 2950 793 3015 dicitur
819 2952 958 3017 enecone
979 2953 1009 3016 et
1030 2953 1211 3036 citissimus,

326 3056 401 3138 qnia
424 3056 496 3138 ipse
520 3062 557 3118 et
579 3055 754 3119 secundum
778 3056 952 3121 essentiam
976 3064 1080 3139 suam,
1106 3069 1143 3128 et
1163 3083 1208 3127 se·

326 3162 463 3226 cundum
497 3176 608 3223 omues
638 3178 714 3222 suas
738 3161 973 3242 perfectiones,
1001 3171 1056 3226 est
1091 3165 1210 3232 infinite

325 3266 474 3330 elevatus
507 3281 607 3345 supra
638 3281 763 3339 omnem
796 3271 993 3330 creaturam
1006 3283 1073 3335 nou
1111 3271 1208 3336 solun

325 3375 400 3434 actu
423 3367 629 3446 existentem,
651 3366 711 3431 sed
736 3368 831 3432 etiam
855 3387 958 3450 supra
980 3385 1122 3439 omnem
1138 3394 1208 3460 pos·

326 3457 467 3554 sibiiem,
497 3477 530 3537 et
561 3479 667 3538 menie
699 3472 964 3558 comminitans,
1003 3479 1207 3559 quantumvis
