2817 4317
265 545 307 617 16

266 755 382 805 nomen
418 737 487 805 Deo
525 745 679 822 respectu
708 738 826 815 nostri,
856 743 954 821 prout
982 735 1151 819 compleo·

265 846 341 909 titnr
355 851 454 910 totam
466 843 705 908 sanctissimam
718 842 925 924 Trinitatem
940 839 1047 905 omnia
1059 839 1145 904 enim

264 969 367 1036 opera
395 949 602 1033 paternitatis
623 949 655 1011 iu
684 966 760 1030 nos,
789 954 862 1011 sunt
883 944 1063 1013 communia
1084 944 1147 1009 toti

263 1053 420 1121 Trinitati.

306 1160 370 1242 our·
392 1178 427 1226 cs
448 1163 483 1226 in
505 1160 607 1225 coctis
631 1158 679 1223 lbi
702 1164 734 1220 te
758 1158 876 1240 aperis,
898 1156 944 1219 ibi
964 1160 997 1218 te
1012 1152 1148 1217 manife-

264 1271 352 1347 stas,
371 1265 425 1329 ,ibi
449 1264 661 1347 cognosceris
681 1270 719 1327 et
739 1262 866 1338 amaris,
886 1258 1092 1325 benediceris
1113 1263 1148 1320 et

263 1370 408 1434 laudaris
435 1370 467 1433 in
493 1370 626 1433 saecula
652 1367 866 1433 saeculorum.
911 1365 950 1431 Io
971 1366 1081 1440 ccclix
1114 1362 1146 1426 in

266 1474 523 1539 beatissimorum
546 1474 715 1557 spirituum
736 1472 911 1550 mentibus,
935 1487 1019 1551 qnae
1041 1468 1146 1532 omui·

263 1582 324 1645 bns
343 1577 445 1643 coelis
461 1580 630 1662 corporeis
653 1578 856 1661 capaciores.
890 1574 936 1639 lbi
951 1573 1055 1656 fuiget
1076 1592 1147 1637 ma·

260 1681 368 1766 jestas
390 1690 455 1764 tna,
470 1683 513 1745 ibi
528 1701 649 1765 regnas
664 1690 697 1746 ct
721 1681 899 1764 triumphas
921 1679 955 1742 in
969 1686 1146 1742 aeternum.

306 1788 522 1869 Sanctificetur
537 1804 648 1853 comeo
664 1790 759 1852 taam.
788 1782 1016 1851 Sanctificetur
1029 1798 1145 1845 nomen

263 1899 352 1957 tunm
370 1890 544 1975 (quidquid
566 1902 600 1957 tu
626 1911 662 1957 es
686 1902 718 1958 et
741 1889 881 1976 diceris)
904 1891 934 1954 iu
950 1890 1011 1955 hac
1034 1895 1146 1953 extre·

264 2015 316 2063 ma
340 1996 431 2079 regni
454 1998 499 2062 tui
522 2007 631 2080 parte3
654 1997 876 2063 sanctificetur
898 1997 931 2060 in
954 1993 1145 2059 hominibus.

264 2102 382 2168 Omnes
405 2102 560 2166 mortales
583 2109 616 2167 te
639 2108 859 2185 cognoscant,
888 2109 921 2165 te
944 2100 1087 2179 timeant,
1110 2107 1146 2166 te

264 2214 387 2285 ament,
423 2214 457 2271 te
485 2206 618 2271 iaudent
651 2213 685 2270 et
717 2208 912 2271 benedicant
941 2206 972 2269 in
1002 2204 1146 2272 saecula.

264 2308 300 2374 ln
322 2309 386 2375 hoc
409 2308 544 2373 nominis
573 2310 618 2372 tui
640 2309 854 2377 sanctificatio
883 2318 935 2375 est
956 2310 1036 2391 sita3
1060 2310 1145 2374 haee

264 2431 395 2497 semper
417 2415 539 2497 vigeat,
562 2412 758 2495 efflorescat,
783 2422 816 2479 ct
839 2422 967 2479 crescat
985 2433 1089 2497 nsque
1112 2414 1146 2477 in

263 2518 358 2585 finem
380 2518 498 2583 mundi.
626 2539 629 2543 ⁴

308 2625 460 2690 Adveniet
480 2640 609 2706 roccam
630 2631 726 2690 tuom
770 2622 986 2689 Exscindatnr
1009 2640 1144 2705 regnum

266 2729 452 2813 impietatis,
475 2748 609 2811 reguum
634 2728 764 2815 peccati
787 2739 821 2795 et
843 2729 982 2796 diaboii:
1010 2751 1146 2813 regnum

264 2841 351 2899 tuum
374 2832 538 2916 adveniat,
562 2844 596 2899 et
617 2837 764 2903 omnibus
781 2836 970 2901 dominetur.
1005 2834 1146 2902 Primum

264 2938 393 3023 quidem
415 2958 548 3021 regnum
574 2939 667 3023 fidei,
694 2941 782 3026 spei,
810 2940 1052 3021 amoenitatis,
1081 2960 1146 3022 per

263 3063 347 3127 quae
377 3043 409 3106 iu
446 3044 599 3110 cordibus
635 3047 773 3111 omnium
815 3046 976 3111 nationum
1014 3065 1144 3129 regnes,

265 3147 384 3216 deinde
406 3149 672 3231 aeternumillud
692 3167 828 3232 regnum
851 3151 967 3215 beatae
989 3150 1141 3217 visionis:

264 3254 296 3319 iu
320 3269 384 3335 quo
407 3260 441 3318 tu
464 3254 529 3319 eris
552 3253 657 3318 omniu
676 3253 713 3316 ¹iu
728 3254 883 3320 omnibns.
918 3254 990 3322 Hoc
1007 3274 1143 3339 reguum

262 3375 326 3424 non
359 3357 414 3423 diu
441 3357 627 3440 differatur3
657 3356 717 3421 sed
745 3360 908 3444 completo
938 3379 1022 3427 mouv
1036 3358 1143 3428 Sanc·

262 3470 367 3530 torum
388 3480 531 3544 numero,
553 3479 592 3528 se
612 3463 749 3546 aperiat.
