2817 4317
1085 593 1129 661 ’Π

246 807 319 856 eom
339 791 409 855 etoe
426 791 463 853 te.
511 787 574 853 Set
595 791 628 853 to
648 789 773 869 potiere
787 787 948 870 Dominae,
971 794 1000 854 et
1021 790 1054 854 to
1073 786 1130 851 too

248 896 318 976 oso
334 896 490 977 poeniteo,
522 896 553 959 et
573 893 794 974 iodolqmtiom
815 900 902 959 toom
921 891 1002 975 toste
1024 894 1128 975 nay-

243 996 454 1079 miserante
498 994 638 1075 Peooooi,
659 997 766 1077 totone
787 997 851 1077 eoi:
881 1013 921 1061 ne
941 1013 1057 1078 moen
1077 997 1128 1064 io·

242 1107 308 1169 tres
334 1104 370 1168 io
387 1102 545 1181 jodiotom
561 1117 633 1165 eom
653 1117 742 1165 eeroo
757 1107 842 1177 ιιιιο;
871 1100 926 1165 eet
942 1101 1126 1181 potientium

242 1199 458 1283 tentatorie,
487 1208 518 1270 et
542 1206 649 1270 nomio
670 1205 801 1269 rettom
821 1204 884 1270 titt.
929 1204 1002 1270 Non
1023 1205 1127 1271 mott-

243 1316 312 1375 tom
333 1312 369 1389 te,
391 1311 454 1375 oter·
475 1311 509 1374 to
530 1308 686 1374 dimiseris
707 1325 766 1391 me,
788 1312 824 1375 nt
842 1309 991 1392 pwoonrn
1010 1310 1125 1390 ponto·

243 1414 309 1481 torn
330 1413 442 1496 tetr‘eto
462 1430 542 1496 meo.

531 1656 788 1720 consmnnnnto
809 1658 840 1719 ΙΙ.

514 1796 562 1862 De
598 1796 762 1864 clementio
791 1795 859 1861 Dei.

291 1934 434 2001 Clemens
449 1935 578 2019 dieitur,
598 1936 672 2019 qnia
689 1931 937 2017 benignissimus
952 1949 1033 2011 erga
1046 1950 1126 2014 peo-

244 2045 383 2105 oatores.
426 2038 545 2123 Primo,
578 2042 655 2123 qnia
684 2048 844 2122 tamqnam
867 2035 1050 2100 mitissimus
1071 2032 1124 2116 jn·

245 2142 443 2221 dex-taoilis
465 2153 517 2211 est
538 2146 580 2212 nd
593 2140 798 2229 mitigandas
829 2160 955 2227 poenas
979 2140 1124 2224 pennatis

244 2246 380 2313 debitas.
424 2247 507 2313 Nam
541 2248 636 2313 etiam
668 2249 699 2312 in
728 2235 834 2313 ¹altero
870 2246 1004 2312 saeonln
1033 2244 1123 2328 ponit

244 2351 328 2415 intra
366 2351 527 2431 meritam,
566 2370 636 2419 enm
670 2352 763 2437 juste
801 2352 928 2417 aorioro
963 2349 1125 2434 snpplioie

245 2453 410 2518 damnatis
430 2463 547 2537 posset
573 2458 738 2540 irrogare:
767 2462 801 2520 et
828 2456 860 2519 in
882 2456 945 2521 han
966 2454 1050 2535 vita,
1082 2453 1125 2517 ad

245 2575 339 2620 onum
361 2577 461 2622 verae
480 2560 698 2640 poenitentiae
715 2561 876 2642 gemitum,
895 2557 1028 2623 remittit
1043 2574 1126 2639 poe·

245 2679 321 2725 nam
344 2668 519 2745 aeternam,
542 2683 676 2747 eamque
695 2664 728 2727 in
750 2663 960 2746 temporalem
982 2679 1124 2728 oommn-

245 2773 300 2847 tat,
338 2767 430 2832 brevi
453 2768 669 2850 castigatione
690 2776 723 2832 et
746 2769 809 2832 tevi
832 2773 1003 2832 contentos
1031 2786 1125 2849 qnam

245 2873 273 2933 in
290 2869 358 2934 vita
376 2870 483 2935 multis
503 2871 729 2955 faoitlimisqne
745 2872 850 2936 modis
866 2869 1028 2936 oonoessit
1049 2870 1125 2935 red·

245 2993 305 3039 rmr.

285 3078 315 3142 2.
337 3077 418 3155 Quia
453 3078 561 3146 taoilis
593 3085 644 3143 est
674 3071 718 3144 ad
755 3078 986 3143 oondonandas
1013 3096 1124 3142 omnes

246 3179 382 3264 injurias
404 3183 436 3246 in
466 3202 504 3246 se
536 3184 741 3265 commissas,
773 3183 868 3247 etiam
902 3182 1060 3261 infinitas,
1092 3188 1125 3245 et

246 3283 368 3350 intinite
404 3285 642 3369 quodammodo
671 3295 808 3353 atrooos.
853 3287 950 3352 Nulla
968 3286 1049 3351 eninr
1072 3293 1123 3350 est

246 3394 336 3453 tante
359 3389 547 3474 multitudo,
582 3390 670 3454 nulla
693 3397 783 3456 tanta
806 3390 980 3455 enormitas
1004 3406 1123 3472 peooa-
1153 3386 1156 3392 ’

246 3500 360 3576 tornnr,
386 3494 460 3577 quin
482 3493 554 3578 ipae
577 3500 710 3578 paratus
734 3496 777 3560 sit
793 3496 975 3577 ignoscere,
997 3500 1033 3559 et
1057 3510 1124 3559 om·
