2817 4317
603 786 780 843 PRECATIO
798 787 817 841 l

477 916 536 979 Ad
552 913 844 979 immutabilitatem
872 916 943 980 lbet.

475 1048 516 1103 Ex
537 1047 584 1103 lib.
604 1052 628 1107 3.
655 1050 686 1103 do
704 1049 812 1117 Perseai.
832 1064 893 1118 cap.
913 1010 953 1103 b.¹

311 1176 376 1241 Tibi
403 1177 478 1257 Roob
509 1179 704 1242 saeculorum
737 1176 906 1241 immortali
937 1181 967 1240 ot
994 1176 1150 1253 invisibili,

266 1279 353 1359 apua
375 1296 463 1360 quom
486 1297 548 1343 uou
571 1285 616 1344 ost
638 1282 867 1356 transmutatio,
893 1297 950 1344 aaa
964 1280 1150 1343 vicissitudi-

264 1385 317 1447 ais
339 1383 540 1460 obumbratio,
562 1385 620 1448 soli
640 1384 707 1447 Deo
730 1391 763 1447 et
786 1382 922 1445 Domina
947 1400 1028 1460 meo,
1049 1382 1149 1447 boaor

264 1493 295 1552 et
316 1486 418 1569 plotio
440 1490 481 1550 ab
505 1488 589 1550 omni
612 1497 762 1552 ereatura
786 1488 920 1549 interra
943 1495 975 1550 et
997 1487 1028 1549 in
1044 1486 1149 1567 uoelo,

265 1598 300 1654 et
331 1609 431 1677 supra
463 1609 587 1654 omnem
611 1600 792 1678 ereaturam
808 1592 846 1655 in
868 1591 1025 1654 altissima
1049 1599 1082 1655 et
1101 1591 1151 1653 in·

263 1681 448 1770 accessibili
479 1694 552 1758 luae
585 1696 765 1778 sapientiae
801 1705 833 1759 et
863 1694 1041 1759 divinitatis
1066 1704 1149 1759 tuae.

264 1799 317 1871 'ra
338 1799 439 1861 omnis
462 1798 711 1861 immortalitatis
742 1806 776 1860 et
809 1798 992 1872 stabilitatis
1027 1806 1149 1880 auctor,

265 1910 298 1976 ta
324 1901 433 1983 gluten
458 1908 490 1963 et
513 1903 620 1964 nexus
640 1899 789 1963 omnium.
856 1967 858 1971 Α

310 2004 374 2083 Per
394 2012 427 2069 te
450 1993 621 2087 augeliuae
644 2010 778 2066 naturae
801 2010 836 2067 et
857 2004 982 2069 animae
1004 1994 1149 2068 rationa-

264 2111 314 2174 les
338 2117 370 2180 et
392 2108 589 2173 immortales
612 2114 645 2171 et
665 2108 973 2173 inexterminabiles·
988 2117 1146 2174 aonstant.

265 2215 331 2280 Per
354 2221 392 2298 te¹
410 2213 577 2280 obelorum
600 2211 745 2291 firm-itm,
765 2212 819 2294 qai
844 2212 942 2288 solidi
964 2215 1051 2297 velut
1070 2232 1144 2279 auro

264 2317 331 2401 [usi
349 2324 428 2383 suut.
472 2317 588 2382 Perta
611 2323 696 2382 torro
717 2320 753 2381 ia·
773 2303 934 2383 ammaum
966 2324 1060 2399 stat,
1079 2319 1148 2382 sais

264 2424 381 2487 librata
404 2422 603 2505 ponderibus
625 2423 656 2488 in
680 2422 786 2487 medio
804 2422 963 2503 universi,
988 2432 1147 2505 tamquam

265 2535 409 2590 oestrum
432 2524 601 2589 immobile.
644 2523 709 2588 Per
732 2532 764 2589 te
787 2526 1015 2607 elementorum
1035 2535 1067 2591 et
1081 2546 1149 2590 ma·

265 2629 369 2695 leriae
392 2619 627 2694 indissolubilis
651 2622 776 2694 natura.
821 2630 898 2698 Tam
927 2631 1049 2711 potenti
1081 2651 1148 2695 ma·

236 2743 239 2746 '
265 2753 308 2796 nu
332 2733 389 2796 bis
405 2732 551 2797 omnibus
574 2732 717 2816 speciem
748 2733 957 2815 impressisti,
992 2742 1026 2796 ut
1061 2734 1147 2798 nulla

263 2844 335 2901 arte
359 2837 465 2919 eradi,
500 2845 563 2901 tam
587 2837 696 2901 valide
719 2838 866 2902 eontines
888 2821 1093 2917 intrinsecus,
1115 2846 1149 2902 et

256 2942 446 3008 aobaerere
466 2943 561 3023 lauis,
583 2951 618 3032 ut
640 2940 728 3005 nulla
749 2942 781 3004 vi
805 2940 934 3025 possint
957 2942 1119 3025 dissipari.

308 3046 433 3122 lutoraa
455 3050 536 3113 siout
556 3040 658 3131 aouoo
683 3047 864 3122 ditabimur,
893 3045 934 3109 at'
952 3051 1072 3111 tautum
1098 3051 1148 3115 iu·

264 3155 445 3217 coustantio
468 3152 595 3229 stabitis
618 3137 787 3229 sumaim
808 3169 930 3216 ommam
948 3169 1056 3215 oasam
1075 3169 1149 3231 pro·

246 3259 393 3320 missimi.
437 3257 559 3346 Soita,
581 3256 722 3336 Domino,
745 3259 796 3337 oui
817 3258 949 3337 posuisti
969 3255 1147 3334 firmamur·
1239 3238 1242 3254 ¹

265 3365 331 3423 tum
358 3360 392 3422 ia
421 3361 521 3433 mollio
539 3377 717 3442 aequorum,
752 3364 805 3441 qut
834 3376 923 3423 mara
950 3359 1081 3436 rubrum
1114 3360 1147 3422 iu

263 3480 456 3528 marmoreos
476 3467 612 3546 parietes
634 3466 779 3555 ortatui,
801 3463 951 3544 confirmo
973 3480 1067 3544 sapor
1089 3462 1158 3527 aas*
