2817 4317
608 593 862 666 GONSllllilldllO
879 593 923 655 lV.

437 732 483 797 De
504 731 569 796 Deo
589 738 808 796 conservatore
827 750 933 795 reram
957 736 1112 797 omnium.

588 871 695 921 Alleotu
713 871 798 920 laudis
818 870 928 921 divinae.

365 996 573 1059 Consoroolor
596 994 730 1073 dieitur,
765 991 793 1057 1.
824 991 900 1073 quia
923 991 1026 1054 rebus
1050 993 1205 1069 omnibns,

320 1115 381 1180 pro
406 1096 564 1180 cujusque
587 1098 770 1179 capacitate
793 1103 826 1159 et
854 1094 976 1176 gradu,
1013 1095 1137 1159 tribuit
1159 1115 1205 1159 ne-

321 1202 465 1265 cessaria
485 1185 692 1284 adminieula,
717 1201 832 1281 quibus
854 1220 890 1262 se
907 1207 1126 1280 conservent,
1149 1209 1205 1266 tun

317 1307 358 1368 ab
381 1306 523 1387 interitu,
545 1315 608 1370 tum
633 1310 673 1371 ab
697 1306 782 1371 omni
805 1310 1013 1368 noonmento:
1038 1303 1133 1367 nude
1164 1306 1206 1367 vi·

318 1410 397 1472 dere
417 1417 468 1473 est
491 1428 553 1473 non
576 1411 681 1474 solum
712 1412 743 1474 in
774 1407 971 1482 hominibus,
1006 1408 1072 1471 sed
1116 1410 1205 1475 etiarn

318 1513 350 1575 in
391 1514 539 1576 omnibus
583 1514 789 1596 animalibue‚
834 1510 1039 1593 quantumvis
1079 1513 1206 1577 vilibne

318 1616 472 1681 Omnibus
515 1620 597 1681 enim
629 1619 724 1681 insita
764 1638 782 1681 a
831 1614 1003 1680 conditore
1042 1617 1206 1697 quaedam

318 1721 474 1786 industria
489 1723 529 1785 ad
544 1722 773 1806 prosequenda
783 1717 1031 1801 snaeommoda,
1048 1729 1087 1782 et
1103 1720 1207 1785 vitan·

317 1824 360 1889 da
383 1828 485 1891 noxia.
532 1828 623 1892 Idem
647 1828 790 1894 oernitur
819 1828 850 1889 in
879 1823 1017 1908 plantis,
1051 1832 1091 1888 et
1113 1828 1208 1890 rebus

318 1930 477 2011 inanimiS,
501 1933 597 1995 etiam
621 1932 652 1995 in
677 1931 864 2011 elementis;
888 1928 951 1993 etsi
974 1928 1006 1990 in
1031 1930 1141 1994 rebus
1164 1931 1209 1994 in·

316 2033 428 2097 animis
453 2035 633 2098 obseurius.
1251 2105 1252 2112 ,

359 2138 388 2201 2.
412 2136 494 2213 Quia
526 2136 659 2200 assiduo
691 2143 723 2199 et
759 2135 981 2199 snbstantifioo
1014 2135 1148 2202 inllnxu
1179 2139 1208 2201 in

317 2261 371 2304 res
395 2259 506 2305 omnes
529 2239 641 2320 influit,
672 2249 707 2304 ut
725 2261 834 2306 earnm
857 2240 999 2305 essentia
1022 2258 1207 2308 conserve·

317 2356 384 2426 tur3
422 2344 493 2407 sine
526 2363 591 2427 quo
623 2345 747 2410 influxu
777 2345 885 2409 statim
922 2342 1207 2425 extinguerentur,

319 2456 564 2530 evanescerent,
588 2448 674 2512 etin
698 2468 789 2513 sunm
812 2448 942 2514 nihilum
965 2447 1206 2535 relaberentur,

320 2553 524 2634 quantumvis
548 2573 608 2636 per
630 2573 666 2616 se
690 2554 862 2618 videantur
890 2571 1049 2635 magnae,
1084 2554 1207 2637 firmae,

317 2657 453 2721 solidae.
498 2657 654 2739 Singulae
674 2658 762 2723 enim
780 2678 835 2723 res
852 2664 992 2735 ereatae,
1016 2657 1122 2724 etiam
1140 2660 1205 2726 An·

315 2762 381 2843 geli
405 2769 438 2823 et
461 2762 560 2840 eoeli,
584 2762 661 2825 nihil
692 2769 766 2826 sunt
796 2761 884 2825 aliud
917 2757 1205 2843 quantominus

315 2866 516 2949 operationis
540 2874 572 2929 et
594 2865 734 2930 influxus
756 2866 867 2946 divini,
896 2884 959 2929 non
986 2867 1205 2948 extrinsecus,

315 2972 374 3035 ned
398 2970 610 3051 intrinseous;
631 2971 717 3035 siout
738 2970 844 3036 lumen
868 2970 1018 3035 diffusum
1038 2990 1104 3053 per
1119 2994 1205 3041 mun·

316 3075 388 3138 dum
418 3082 468 3138 est
502 3075 653 3139 terminus
687 3075 927 3139 illuminationis
960 3094 1019 3139 een
1055 3082 1205 3162 operati·

316 3180 386 3243 onis
420 3178 509 3242 solie.
565 3178 658 3245 Unde
690 3179 807 3245 nullam
842 3180 962 3245 habent
990 3181 1204 3267 soliditatem,

316 3284 381 3348 nisi
403 3286 444 3348 ab
466 3282 587 3349 influxu
612 3284 733 3367 divino,
756 3287 811 3368 qui
832 3283 951 3368 pendet
975 3304 994 3349 a
1018 3286 1128 3356 libera
1148 3310 1205 3357 vo·
