2817 4317
542 767 662 825 CAPUT
681 767 874 824 SEPTlllUll.

264 902 317 963 De
335 897 480 962 seeundo
498 895 617 984 effectu
640 901 774 976 omorio,
794 900 853 989 qui
868 909 919 962 eet
946 902 1033 964 terrio

263 1005 305 1066 tis
328 1026 401 1067 eron
435 1001 553 1066 dilecto
593 1012 625 1065 et
657 1000 907 1089 transformatio
931 1004 967 1065 ire
994 1003 1043 1067 dil

618 1133 686 1187 lbid.
706 1150 733 1186 n.
752 1135 794 1191 91.

176 1318 183 1332 .
307 1264 404 1329 Alter
426 1264 562 1328 effeetus
586 1263 707 1327 amoris
732 1270 782 1327 est
805 1262 881 1325 unio
912 1265 1043 1328 amanti

264 1370 384 1435 dileoto
404 1376 437 1432 et
456 1368 697 1432 transformatio
721 1367 753 1430 in
773 1366 935 1432 dileotum.
984 1367 1041 1432 Hu

264 1474 310 1539 nit
344 1474 379 1539 S.
408 1473 584 1555 Dionysius
613 1473 696 1537 libro
735 1472 777 1537 de
811 1471 933 1535 divinis
974 1491 1043 1536 non

264 1596 292 1643 e.
315 1578 345 1642 l.
368 1598 398 1660 p.
422 1578 450 1642 2.
473 1597 515 1642 ex
538 1578 664 1661 hymnis
699 1576 864 1641 amatoriis
904 1574 941 1640 S.
962 1575 1043 1641 Hier

264 1673 318 1747 olii
340 1681 373 1746 S.
390 1681 586 1747 Hierotheus
609 1683 662 1763 ait,
685 1700 811 1745 omnem
831 1697 980 1744 amorem
996 1682 1043 1745 sir

264 1786 387 1867 nalem,
415 1787 486 1850 sive
509 1786 731 1869 spiritualem,
764 1805 839 1850 esse
861 1787 924 1850 mm
945 1789 1043 1851 uniet

264 1892 530 1955 committentem:
566 1890 730 1967 nimirum,
769 1888 843 1970 quia
881 1897 1043 1955 amantea

263 2000 371 2059 amato
396 1994 472 2075 opit,
493 2000 527 2058 et
549 1994 738 2059 commiscet
759 1992 790 2056 io
815 2012 920 2072 unum,
944 2002 984 2057 ut
1010 2015 1043 2059 er

264 2118 326 2180 que
348 2118 442 2162 unum
466 2097 531 2162 fiat.

306 2202 374 2269 Sed
406 2201 571 2284 quomodo
605 2199 641 2266 fit
673 2202 756 2266 haee
789 2200 893 2264 unio?
939 2200 1019 2266 Non

263 2307 400 2387 affeetu,
434 2305 494 2370 sed
529 2306 625 2372 etiam
651 2306 795 2388 reipsa,
830 2312 987 2387 quantum
1014 2306 1043 2372 la

264 2429 355 2475 amor
378 2411 461 2475 enim
484 2412 620 2494 impellit
643 2419 822 2486 amantem,
854 2417 888 2473 ut
911 2430 949 2473 re
975 2412 1043 2495 ipse

265 2520 382 2594 amate,
405 2514 510 2596 eique,
535 2524 685 2599 quantum
709 2516 779 2580 fieri
803 2521 930 2597 potest,
969 2527 1043 2582 aret

265 2640 302 2683 se
331 2618 519 2702 conjungat.
563 2621 597 2685 ld
628 2629 720 2704 patet
750 2619 889 2683 inomni
913 2638 1043 2701 genere

264 2724 319 2788 rie.
363 2721 417 2789 Ao
438 2723 575 2807 primum
597 2725 628 2789 in
660 2744 771 2790 amore
795 2724 926 2806 carnali,
950 2728 1011 2806 qui
1036 2749 1043 2791 e

263 2827 388 2911 pelam,
421 2848 485 2911 que
509 2828 671 2914 conjuges
694 2830 774 2893 liunt
805 2848 867 2893 une
898 2847 1000 2909 earo,
1036 2832 1043 2893 i

263 2932 426 3013 Secundo,
450 2935 481 2998 in
505 2954 617 3000 amere
647 2942 828 3019 parentum,
851 2934 905 3017 qui
928 2933 1040 2999 libero

263 3045 379 3121 optant
415 3058 546 3121 semper
577 3041 700 3105 habere
726 3046 937 3124 praesentes,
975 3047 1009 3102 et

264 3144 452 3225 praesentia
466 3142 544 3225 frui,
567 3162 626 3208 eos
646 3145 797 3228 ampleoti
821 3150 854 3208 et
868 3144 1027 3209 oseulari.

239 3323 242 3337 τ
263 3248 379 3329 plexus
404 3248 541 3312 enimet
564 3250 677 3314 oseula
700 3256 774 3314 sont
794 3250 946 3326 effeetuS,
982 3257 1017 3313 et
1041 3287 1042 3298 κ

264 3359 400 3433 quenter
433 3354 528 3435 signa
569 3355 689 3418 amoris
722 3363 787 3419 tum
821 3352 902 3417 oasti
927 3361 962 3416 et
987 3355 1042 3437 spi

238 3463 329 3533 ,tum
352 3456 468 3537 impuri
491 3463 524 3521 et
546 3457 704 3539 earnalis3
725 3457 801 3538 quie
814 3455 967 3521 unionem
993 3476 1042 3540 qu¹
