2817 4317
235 645 238 651 .
264 583 326 651 172

262 780 351 855 sunt,
383 781 416 836 et
438 779 491 837 tua
513 767 746 852 omnipotentia
770 768 838 831 fieri
871 774 1037 850 possunt,
1073 788 1099 850 qr

262 877 413 940 iuiiuities
444 877 539 960 plura
563 881 646 937 suut.
691 871 803 936 Omuia
835 874 917 937 euim
942 872 1030 935 haee
1056 892 1098 935 ex

263 981 386 1065 giusti,
419 988 452 1043 et
471 980 569 1062 ¹apud
601 987 633 1041 te
670 978 816 1042 formasti
851 984 925 1040 aute
949 978 1099 1052 saecula,

261 1087 383 1149 retiues
407 1086 447 1147 iu.
462 1093 640 1165 conspectu
666 1090 732 1161 tuo,
756 1081 901 1164 quamvis
926 1102 967 1145 ea
989 1102 1099 1165 nunqu

231 1188 234 1193 ’
262 1188 341 1253 foris
365 1196 458 1252 extra
480 1195 513 1249 te
548 1186 697 1251 condere¹
725 1184 928 1250 decreveris:
963 1186 1056 1251 sicut
1088 1208 1099 1250 ι

263 1312 347 1375 gaus
380 1293 540 1374 quispiam
574 1292 770 1354 architectus
802 1290 918 1353 multas
952 1291 1099 1373 palatior

262 1398 385 1460 formas
427 1396 609 1477 excogitat,
648 1402 822 1476 menteque
860 1395 995 1474 retinet,
1038 1395 1099 1477 qui

263 1500 352 1582 apud
373 1519 413 1563 ee
433 1500 554 1581 gaudet
577 1508 610 1563 et
633 1499 818 1581 triumphat,
841 1499 990 1579 quamvis
1017 1518 1062 1561 ea
1076 1519 1098 1562 u¹

266 1623 359 1686 quam
384 1612 553 1668 exstruere
575 1603 655 1666 foris
679 1603 836 1667 statuerit.

307 1708 398 1773 Haec
429 1709 535 1773 omnia
564 1708 651 1790 apud
679 1717 711 1770 te
744 1727 868 1771 summe
901 1707 1060 1789 perfecta
1090 1728 1099 1769 r

268 1820 365 1894 stunt,
386 1821 419 1878 et
443 1814 550 1876 iuceut
573 1815 613 1875 ab
638 1818 771 1875 aeterno
795 1830 904 1874 ceram
927 1818 961 1874 te
985 1807 1076 1890 (nou

253 1925 326 2002 'uus
350 1936 443 1999 quam
467 1925 550 1998 quae
573 1918 718 1980 exterius
740 1913 930 1996 condidisti)
955 1916 1099 1981 circumi

269 2021 394 2086 lumine·
412 2028 483 2100 tuo,
515 2019 642 2103 singula
665 2023 697 2084 iu
722 2020 832 2103 specie
860 2027 893 2083 et
920 2019 1043 2084 urdine
1080 2043 1097 2085 s

266 2115 372 2208 iis'que
386 2124 510 2208 gaudes
527 2132 561 2189 et
579 2124 756 2208 triumphas
779 2125 810 2187 iu
830 2125 902 2189 luce
924 2131 982 2188 tua
1007 2126 1099 2191 iuac(

267 2230 371 2311 sibili·
387 2229 441 2293 ubi
463 2248 502 2292 ea
524 2227 687 2311 possides.
732 2229 780 2292 lbi
799 2228 961 2312 corrumpi
985 2249 1057 2294 neu
1081 2251 1099 2315 p

271 2340 356 2416 suut,
387 2350 452 2397 uou
485 2340 709 2414 veterascere,
741 2351 806 2396 uon
839 2332 961 2397 offundi
999 2339 1099 2401 teuei

223 2502 226 2508 ,
270 2456 334 2503 nou
358 2435 511 2503 excidere
533 2438 607 2519 tibi;
631 2439 690 2502 sed
714 2439 747 2502 iu
767 2437 881 2502 eodem
896 2457 1033 2521 semper
1049 2442 1099 2525 spi

272 2540 354 2607 dore
370 2541 584 2607 immutabilia
607 2550 639 2605 et
660 2551 793 2606 aeterua
815 2543 1006 2625 persistunt.

314 2646 483 2728 Incredicr'
506 2647 608 2712 tumen
632 2646 918 2723 almaniscarum,
940 2652 970 2712 et
992 2650 1099 2716 veliem

272 2756 319 2816 ter
342 2755 454 2831 erepto
469 2752 636 2816 emendum
654 2750 826 2816 claritatem
850 2753 910 2816 diei
930 2754 1029 2818 istius
1052 2735 1099 2821 aar

188 2924 192 2931 ,
273 2855 341 2920 iere
369 2871 476 2919 eoram
498 2859 533 2932 te,
561 2860 590 2920 et
611 2872 679 2920 esse
701 2852 863 2937 periectas.
908 2856 949 2920 Et
968 2874 1047 2924 eum
1068 2879 1099 2925 m

274 2962 412 3023 incertae
441 2962 503 3024 sint
529 2960 742 3040 providentiae
771 2968 912 3039 nostrae,
940 2979 998 3027 cro
1032 2982 1099 3047 scae,

272 3065 307 3128 ic
334 3063 474 3128 ememus
502 3063 594 3142 dirici
622 3062 682 3127 tae
713 3062 781 3127 luce
810 3068 865 3126 trra
900 3067 930 3126 et
959 3070 1099 3144 procide

277 3172 344 3244 tau,
379 3184 458 3248 quae
486 3168 520 3231 iu
548 3169 598 3230 sai
626 3168 826 3248 dispositione
847 3167 1069 3250 consulitur.

275 3270 334 3335 icc
365 3274 496 3351 sentire,
531 3271 572 3334 da
604 3271 660 3335 tce
691 3271 781 3351 velte,
819 3272 860 3336 du
890 3270 949 3336 icc
980 3284 1099 3345 consta

250 3379 395 3456 'exequi
439 3372 554 3437 Amen.
