2817 4317
1037 398 1101 465 26⁷

219 610 331 658 rerum
352 590 499 675 partibus
517 607 711 654 eonsensum
731 596 767 654 et
778 588 970 671 analogiam,
992 608 1103 654 nume-

220 716 290 761 rum
314 703 349 760 et
366 694 521 775 ordinem,
544 712 725 759 mensuram
749 700 783 757 et
803 693 931 758 modum
954 693 1103 759 statuisti.

221 801 270 867 'l'u
285 801 485 883 primaevum
499 798 699 881 signaculum
718 798 866 879 omnium,
883 799 988 862 omnia
1002 818 1104 881 pene·

222 913 314 969 trans
348 905 489 987 puritate
525 910 558 968 et
593 902 774 967 subtilitate
806 908 876 983 tua,
911 902 1104 967 intrinsecus

220 1011 366 1075 formans
389 1010 512 1091 pariter
529 1013 562 1070 et
585 1005 761 1088 disponens
779 1005 885 1071 emnia
900 1005 933 1070 in
949 1006 1104 1071 omnibus.

264 1112 308 1178 Et
331 1113 479 1195 quemvis
501 1112 644 1194 attinges
667 1130 686 1174 a
709 1109 774 1174 fine
789 1109 831 1174 ad
847 1109 951 1190 finem,
975 1130 995 1174 a
1018 1129 1104 1176 sum·
1129 1169 1130 1174 ,

220 1219 282 1283 mis
304 1218 345 1284 ed
370 1226 532 1295 extrema,
563 1223 660 1299 teque
683 1219 713 1282 in
736 1218 842 1284 emnia
862 1218 1004 1282 inseres:
1021 1247 1023 1251 ¹
1038 1236 1102 1283 non

220 1330 328 1389 tamen
350 1323 682 1406 permiseerisseiieui,
704 1340 764 1387 nee
786 1323 882 1388 ullius
905 1330 1027 1388 etteetu
1050 1323 1101 1386 in·

220 1427 374 1510 quinatis,
399 1427 457 1492 sed
474 1428 506 1491 in
521 1434 575 1492 tuo
591 1427 696 1492 nitore
716 1435 749 1492 et
762 1428 948 1493 sinceritate
964 1437 1101 1513 perstas.

266 1532 404 1610 Domine,
425 1531 526 1615 fecisti
549 1535 654 1598 emeie
677 1535 730 1614 eei
755 1532 886 1614 pulcher
907 1552 951 1614 es,
973 1534 1106 1616 pulchre

221 1641 294 1700 sent
316 1640 415 1713 enirm
448 1639 501 1718 qut
522 1636 619 1701 benus
644 1652 697 1715 es,
725 1636 808 1701 bena
831 1645 903 1702 sent
924 1641 1024 1713 eeim;
1055 1642 1107 1720 qui

219 1756 264 1815 es,
286 1746 363 1805 suet
381 1743 478 1816 enine·
496 1741 551 1806 sed
573 1758 670 1823 neque
693 1741 883 1822 itepetetre
905 1748 986 1825 sent,
1008 1760 1107 1825 neque

219 1848 268 1911 ite
290 1845 372 1910 bene
394 1848 605 1926 seetseeqee
625 1848 671 1909 ite
693 1848 777 1926 sent,
799 1851 833 1910 et
854 1852 888 1911 tu
910 1852 1033 1913 creater
1055 1864 1107 1913 ee·

206 1968 301 2016 eum.
347 1949 445 2029 Cujus
477 1951 836 2032 comparationemque
865 1950 997 2031 pectre
1026 1956 1106 2029 suet,

219 2071 319 2136 neque
339 2054 421 2119 bene
442 2058 532 2135 suet,
553 2071 652 2135 neque
674 2059 754 2119 suet.
799 2056 877 2119 Sere
898 2060 928 2120 te
950 2058 1065 2133 amavi,
1089 2074 1107 2120 e
1156 2076 1158 2079 ·

213 2156 417 2241 *pulchritudo
449 2162 578 2240 entique
612 2165 640 2223 et
672 2162 773 2223 neve!
800 2160 892 2224 ¹Sere
924 2165 954 2223 te
983 2161 1109 2223 emenii

195 2331 197 2338 ,
224 2260 289 2327 Vae
313 2266 440 2326 enimse
453 2273 548 2326 'meae
567 2262 689 2340 autaei,
713 2279 792 2344 quae
813 2268 961 2344 speravit,
984 2268 1013 2328 st
1036 2280 1057 2327 e
1078 2269 1107 2328 te

218 2369 414 2444 recessisset,
444 2382 480 2429 se
494 2367 612 2447 aliquid
631 2368 742 2432 metius
763 2366 962 2432 habituram!
1009 2366 1107 2434 Verte

219 2476 250 2535 et
271 2486 409 2549 reverse,
433 2473 462 2532 et
483 2471 517 2532 te
538 2473 664 2549 teroem,
684 2475 713 2533 et
735 2472 769 2534 ie
791 2469 904 2548 tatere,
925 2475 955 2534 et
976 2474 1009 2534 ie
1031 2488 1105 2535 eee·

223 2578 320 2648 trem,
340 2577 371 2635 et
392 2570 567 2636 duretent
589 2572 702 2649 emnia,
721 2577 750 2635 et
768 2576 800 2636 te
821 2571 907 2638 setes
928 2575 1060 2653 'requies

493 2797 746 2858 CONSIDERATIO
765 2797 833 2859 XiV.

501 2939 549 3003 De
570 2941 736 3003 sanctitate
758 2936 824 3000 Dei.

437 3073 547 3125 Affectu
565 3074 702 3125 eminentis
721 3072 883 3124 imitationis.

265 3203 401 3268 Seeetes
426 3198 545 3266 dieitur
569 3199 596 3265 1·.
619 3205 655 3264 ut
688 3199 789 3265 eausa
823 3206 857 3263 et
889 3197 964 3261 tons
998 3198 1101 3263 omnis

220 3305 420 3386 sanctitatis,
448 3323 527 3369 suae
549 3305 672 3386 pariter
696 3311 730 3368 et
749 3303 911 3369 hominum
934 3308 967 3365 et
989 3299 1102 3384 Ange·

438 3431 441 3436 “
828 3404 895 3473 12*
