2817 4317
263 609 326 677 102

263 808 362 882 quem
381 816 493 863 omnes
517 795 662 860 homines
679 797 821 880 selvari3
844 797 907 860 imo
924 817 1022 880 quam
1048 806 1094 862 tot

263 906 380 970 bouum
424 897 625 983 Angelorum
667 912 699 966 et
740 903 899 966 bominum
943 920 1094 978 consere

262 1004 377 1087 ltaque
400 1004 504 1069 debeo
524 1006 626 1088 ipsius
649 1006 845 1072 voluntatem
869 1005 1023 1071 infinitios
1049 1008 1094 1091 pit

264 1109 452 1188 aestimare,
484 1126 580 1191 quem
611 1127 703 1175 omne
739 1110 938 1176 commodum
974 1132 1088 1176 meum

264 1214 362 1300 totius
380 1220 533 1278 maturae
568 1223 715 1295 creatae,
750 1222 907 1297 quatenus
938 1222 990 1277 est
1030 1219 1094 1281 bon

261 1323 395 1382 naturae
411 1324 554 1394 creatam
580 1315 678 1397 idque
694 1319 816 1399 absque
835 1318 899 1381 uite
915 1318 1094 1385 beneficior

261 1419 531 1487 consideratione.
581 1417 672 1483 Haec
701 1419 785 1483 euim
813 1419 967 1503 obligatio
1001 1427 1094 1489 uesci

170 1543 172 1549 ·
262 1545 304 1591 ex
326 1544 375 1607 eo,
399 1523 485 1608 quod
508 1524 611 1608 ipsius
635 1535 704 1588 sum
729 1530 886 1589 creatura.

265 1766 433 1847 Secundo,
466 1770 560 1833 Deus
593 1768 753 1832 amundus
783 1767 820 1832 ob
848 1764 978 1853 infinita
1006 1794 1075 1850 suu

639 1868 766 1957 celicia.
1087 1869 1089 1874 ’

305 2028 468 2109 Secundo,
487 2029 575 2093 Deus
591 2028 684 2093 nobis
703 2026 859 2091 emendus
882 2031 931 2088 est
945 2027 987 2088 ob
1009 2029 1094 2109 plur.

243 2179 246 2184 -
262 2149 322 2197 sus
335 2132 505 2215 beneflcio,
521 2132 793 2215 qnorumuiugulu
805 2131 947 2193 infinitae
962 2140 1094 2198 suntne

263 2236 428 2317 mationis3
453 2246 587 2321 propter
602 2257 685 2320 quae
709 2236 902 2301 deberemus
924 2233 972 2312 iiii
989 2236 1094 2304 infinit

263 2359 414 2421 amorem,
437 2341 588 2414 infinitam
604 2343 779 2425 gratiarum
799 2342 967 2417 actionem,
992 2341 1094 2409 infinit

263 2445 463 2526 obsequium,
477 2447 504 2509 si
514 2436 683 2530 proestare
693 2441 879 2530 possemus:
900 2443 975 2526 quia
985 2466 1027 2509 ex
1043 2467 1086 2511 se

265 2567 329 2631 gne
345 2557 418 2611 suut
431 2550 550 2614 infinite
571 2550 793 2631 recognitione
817 2556 849 2613 et
872 2553 1094 2630 compensati(

265 2652 357 2718 Heeo
374 2654 532 2718 beneficia
557 2643 810 2733 considerantes,
833 2662 866 2716 et
887 2652 1003 2734 Deum,
1027 2657 1094 2721 uti

188 2829 192 2837 ,
251 2753 326 2820 'tem
358 2757 619 2839 benignissimum
648 2757 794 2837 iliorum,
824 2755 1003 2821 excitemur
1033 2759 1081 2822 ed

265 2860 328 2932 ium
360 2860 527 2926 emendum
546 2870 588 2956 ¹et
624 2861 858 2925 aestimandum
894 2879 995 2943 supra
1027 2882 1094 2928 omi

238 3045 242 3051 θ
265 2972 299 3029 et
321 2965 364 3029 ed
387 2985 479 3031 omne
502 2966 692 3049 obsequium
715 2966 746 3030 ei
765 2965 1013 3049 praestandum,
1045 2970 1093 3034 ad

265 3069 329 3136 lum
351 3070 581 3151 honorandum,
605 3078 636 3134 et
657 3070 896 3154 procurandum
912 3068 986 3151 ejus
1001 3071 1092 3153 glori

265 3182 297 3238 et
325 3174 366 3239 ed
399 3176 522 3258 gratius
557 3175 712 3259 agendas.
757 3174 858 3239 Sicuti
888 3175 1013 3239 aulicus
1039 3195 1094 3241 cor

169 3309 171 3314 Δ
265 3278 384 3342 dereus
406 3275 577 3359 beneficia,
607 3297 693 3360 quae
713 3297 732 3341 e
756 3296 815 3342 suo
842 3278 989 3360 principe
1009 3299 1094 3344 ecce

264 3391 299 3460 et
312 3384 399 3448 iilum
419 3391 639 3449 uteuctorem
663 3391 696 3447 et
716 3382 901 3464 largitorem
918 3384 1031 3447 borum
1050 3387 1094 3451 be

263 3487 407 3553 ficioru'm
427 3487 661 3572 perpendens,
692 3487 853 3552 excitatur
876 3486 918 3550 ad
942 3486 1029 3550 iilius
1055 3508 1094 3554 au
