2817 4317
1061 531 1105 599 35

221 726 309 787 totus
325 715 396 786 'iste
418 738 571 812 numerus
592 721 814 805 saeculorum,
839 721 1006 789 intellectu
1029 718 1100 786 An·

221 824 352 909 goliae,
390 826 519 891 ratione
551 827 712 910 quadrata
742 828 798 892 vel
830 828 945 894 cubica
976 848 1106 913 semper

222 929 451 1014 ascendendo,
479 938 629 1015 qnantum
650 951 712 1015 per
733 933 819 999 mille
841 951 943 998 annos
964 933 1028 998 iste
1050 951 1105 998 ao·

223 1043 278 1101 tus
301 1036 407 1120 repeti
436 1042 563 1119 potest:
593 1034 700 1102 adhuc
724 1038 847 1103 infinito
875 1038 1048 1103 intervallo
1070 1045 1104 1102 et

222 1139 357 1204 infinitis
389 1140 528 1205 saeculis
551 1140 639 1205 Deus
667 1141 759 1224 prior
792 1150 826 1207 et
852 1141 1013 1225 antiquior
1044 1139 1102 1205 de·

218 1244 443 1328 prehenditur.
486 1244 574 1309 idem
599 1246 782 1329 dicendum,
808 1248 931 1313 etiamsi
954 1252 1002 1311 tot
1024 1244 1102 1308 fiant

219 1349 356 1415 cubicae
380 1348 660 1431 multiplicationes
675 1351 790 1417 ordine
813 1360 903 1418 recto
922 1349 1101 1415 ascenden·

218 1453 274 1534 (io,
299 1458 377 1536 quot
400 1472 519 1517 arenae
538 1461 613 1517 sunt
626 1456 832 1521 necessariae
847 1458 890 1522 ad
904 1453 1099 1540 inplendum

216 1564 319 1623 totum
356 1556 551 1652 universum.
597 1559 713 1626 Nullus
757 1580 906 1627 numerus
944 1577 1098 1623 annorum
1220 1593 1225 1606 ·

216 1660 275 1726 vel
311 1660 513 1726 saeculorum
548 1669 612 1726 tam
647 1664 764 1747 ingens
793 1686 813 1730 a
847 1673 952 1730 mente
989 1670 1099 1728 creata

215 1770 398 1831 retrorsum
421 1765 548 1849 concipi
571 1774 696 1850 potest,
721 1768 796 1850 quin
819 1769 947 1833 taudem
971 1766 1099 1832 desinat

215 1870 250 1936 in
281 1878 403 1934 certum
436 1871 618 1951 terminum,
650 1879 683 1937 et
714 1880 789 1937 ante
814 1874 903 1938 illum
932 1873 1097 1937 terminum

218 1974 384 2057 snpemiut
415 1973 535 2039 infinita
566 1975 715 2057 saecula,
746 1976 860 2059 quibus
889 1975 975 2040 Deus
1008 1974 1097 2040 illum

219 2078 385 2143 terminum
409 2079 635 2145 antecesserit
673 2078 822 2145 Obbane
844 2099 974 2145 causam
997 2097 1097 2145 voca·

215 2183 442 2268 tornationes
463 2185 592 2264 dicmur,
615 2180 818 2267 (Danieli.)
846 2185 970 2251 Primos
992 2189 1020 2250 ct
1041 2202 1099 2250 ao-

213 2290 362 2354 ar‘ssimcc
383 2285 545 2371 (Apocai.
571 2284 618 2369 1.)
1084 2321 1086 2326 ·

262 2389 365 2456 Sinili
380 2392 477 2457 uodo
494 2391 707 2475 concipienda
723 2392 1098 2475 sermocinatorum.

214 2494 364 2579 (ionoipe
393 2496 426 2560 iu
456 2497 595 2561 futurum
623 2501 670 2561 tot
698 2497 860 2562 miliiones
887 2497 1099 2564 saeculorum,

214 2608 296 2685 quot
320 2600 419 2665 modo
439 2600 692 2683 assignavimus3
717 2601 841 2664 exactis
857 2600 1005 2664 omnibus
1023 2601 1097 2685 iliis,

215 2705 322 2770 adhuc
346 2707 520 2771 restabunt
548 2705 602 2768 alii
630 2703 789 2768 milliones
818 2704 1037 2785 saeculorum,
1065 2713 1098 2769 et

215 2810 347 2895 quidem
360 2808 486 2888 infiniti,
510 2809 625 2891 quibus
640 2807 728 2872 Dens
745 2826 816 2873 cunr
832 2810 978 2874 omuibus
993 2810 1097 2877 Sanc·

216 2917 257 2980 tis
280 2914 351 2980 suis
373 2913 530 2996 reguabit,
553 2920 587 2977 et
610 2911 751 2977 damnati
773 2914 859 2995 apud
882 2912 1005 2981 inferos
1028 2921 1097 2979 tor·

216 3021 408 3103 quebnntnr.
451 3018 521 3082 Nec
547 3022 659 3102 potest
687 3019 728 3081 ab
755 3016 821 3081 ulla
850 3024 958 3082 mente
986 3024 1096 3083 ereata

216 3130 305 3189 tanta
333 3118 503 3187 multitudo
532 3120 733 3186 saeculorum
765 3122 905 3205 concipi,
936 3122 1011 3206 quin
1040 3122 1097 3187 iila

216 3233 345 3308 exacta,
368 3233 401 3291 et
423 3234 499 3310 post
513 3226 610 3308 iiiam,
633 3226 739 3292 adhue
753 3226 818 3290 alia
837 3226 1004 3292 multitudo
1019 3246 1096 3291 sae-

216 3333 362 3400 culorum
384 3328 507 3397 infinita
530 3333 573 3397 sit
594 3333 815 3398 subsecutura.

260 3436 322 3505 Uti
345 3434 581 3501 advertendum
603 3442 665 3519 est,
686 3437 844 3519 integram
862 3434 1093 3521 aeternitatem,
