2817 4317
615 735 802 817 runcano.

494 851 569 953 'An
591 888 794 954 arctandam
819 888 893 950 net.

472 1003 514 1058 Ex
531 1004 578 1060 lib.
596 1008 621 1061 7.
639 1006 671 1059 de
689 1005 802 1075 Persect.
822 1018 884 1074 cap.
903 1004 928 1060 3.

303 1131 339 1197 ln
363 1138 395 1196 te
425 1149 536 1195 omnes
560 1130 698 1197 deliciae
731 1139 765 1196 et
794 1129 1002 1215 voluptates,
1032 1149 1145 1199 omnes

259 1234 481 1299 recreationes
505 1240 539 1296 et
560 1234 794 1314 amoenitates,
825 1233 932 1299 omnia
960 1233 1080 1298 solatia
1114 1242 1146 1300 et

265 1338 397 1422 gaudia,
420 1337 523 1402 omnis
546 1335 753 1418 pulchritudo
785 1343 818 1400 et
853 1337 1009 1419 felicitas,
1042 1339 1145 1403 omnis

263 1440 432 1507 beatitudo
456 1447 489 1505 et
508 1440 753 1505 consummatio.
798 1438 832 1504 A
852 1447 885 1505 te
909 1441 1015 1506 omnia
1039 1441 1146 1507 dulcia

262 1565 354 1611 suam
387 1545 516 1609 trahunt
547 1542 764 1623 dulcedinem,
805 1550 838 1609 et
869 1547 976 1610 omnia
1009 1546 1146 1629 pulchra

244 1659 353 1738 ‘suam
372 1647 651 1731 pulchritudinem,
675 1639 780 1712 omnia
804 1648 914 1714 lucida
928 1669 1020 1715 sunm
1036 1645 1147 1734 splen·

262 1753 391 1835 dorem,
428 1752 532 1817 omnia
573 1750 717 1838 virentia
755 1771 845 1816 snam
884 1753 1001 1831 vitam,
1040 1754 1146 1818 omnia

263 1856 439 1921 sentientia
458 1855 464 1878 ‘¹
482 1851 573 1919 suam
614 1855 813 1939 sensionem,
858 1855 964 1920 omnia
1005 1856 1148 1939 vigentia

260 1979 353 2026 suum
376 1959 532 2043 vigorem,
555 1958 662 2023 omnia
688 1958 905 2041 intelligentia
928 1978 1027 2023 suam.
1041 1960 1146 2023 notio·

261 2047 345 2143 nem,
368 2063 472 2127 omnia
496 2063 644 2146 perfecta
665 2079 756 2129 suam
774 2062 1016 2144 perfectionem,
1040 2065 1147 2127 omnia

261 2166 507 2254 quomodolibet
523 2168 607 2232 bona
631 2185 723 2231 suam
739 2166 883 2249 speciem
907 2173 940 2230 et
961 2168 1146 2241 bonitatem.

308 2270 390 2352 Quid
405 2287 467 2354 ¹per
489 2270 570 2335 dona
591 2268 688 2352 dcco,
711 2267 993 2349 veleternens,
1015 2274 1149 2354 inquiete

262 2378 393 2456 canoris
411 2371 522 2456 infolio
542 2376 675 2462 aalma?
703 2375 776 2457 quid
796 2378 929 2457 carptim
949 2378 1040 2441 noma
1072 2376 1147 2441 deli·

262 2476 462 2545 laumello?
509 2478 677 2545 Transvolo
713 2481 755 2544 od
777 2480 885 2557 Deam,
917 2482 971 2561 qui
993 2484 1039 2545 cst
1057 2498 1147 2545 omae

260 2584 384 2664 donum,
404 2588 434 2649 ct
454 2586 487 2649 tc
509 2600 569 2664 oco
590 2585 781 2664 quietissime
800 2586 871 2665 ipso
886 2582 1013 2647 dulcedo
1037 2587 1069 2648 ia
1086 2601 1143 2648 suo

259 2686 347 2771 sonte
375 2692 527 2769 uastatur.
550 2686 622 2750 'Dc
657 2683 733 2750 mili
763 2689 809 2750 ito
844 2703 973 2768 sapere,
1007 2705 1025 2750 o
1062 2687 1146 2752 Deus

261 2791 358 2878 mccc.
402 2787 517 2856 Amen.
741 2789 745 2796 '

533 2899 788 3013 consonalno
809 2949 878 3011 xm.
979 3001 984 3012 J

511 3090 559 3157 Dc
579 3061 809 3173 potrtrtmdme
831 3088 898 3153 Dei.
937 3131 939 3135 -

537 3227 646 3280 Allecto
664 3227 732 3294 grati
750 3227 875 3296 stuporis.
947 3270 949 3274 .

308 3353 438 3419 Pulcher
460 3351 580 3432 dicitnr
605 3351 631 3417 l.
652 3358 813 3436 tamquam
840 3353 914 3417 lons
946 3350 1050 3416 omnis
1074 3349 1146 3433 pul·

266 3455 459 3530 claritudinis
481 3458 513 3521 iu
536 3452 674 3544 Angelis
697 3462 740 3520 et
754 3454 955 3538 hominibus,
989 3456 1020 3519 in
1044 3456 1148 3520 coelis
