2817 4317
1081 571 1145 640 215

260 790 298 833 ro
324 768 496 852 quidquam
530 784 643 831 amoro
676 765 817 849 dignum.
863 764 1034 844 Seouodo,
1072 765 1147 846 quia

261 875 294 938 in
311 872 460 938 essentia
475 871 583 935 divina
603 867 690 951 (oum
714 889 813 952 supra
836 870 940 934 omnia
964 869 1006 932 sit
1024 868 1146 932 infinito

258 976 424 1058 elevata)
441 981 550 1041 oessat
582 993 675 1039 omno
716 994 792 1038 osso
822 969 966 1038 creatum
988 980 1021 1037 et
1044 973 1147 1037 omnis

253 1084 434 1149 formarum
467 1079 650 1157 distinctim
687 1097 727 1143 ao
764 1078 905 1161 proinde
936 1078 968 1140 in
1005 1078 1147 1144 ossontia

261 1186 374 1251 divino
417 1183 504 1247 nulla
540 1183 682 1248 cernitur
714 1190 881 1264 creatura3
925 1182 1000 1263 quia
1041 1192 1146 1245 tamon

255 1289 363 1355 omnis
398 1295 513 1351 natura
546 1293 658 1351 creata
692 1287 735 1351 ibi
769 1294 820 1350 ost
852 1285 1029 1351 secundum
1056 1306 1146 1350 suum

256 1412 335 1457 esse
356 1393 542 1471 increatum,
565 1388 714 1472 causalo,
737 1398 771 1453 et
804 1391 1007 1473 exemplare,
1042 1390 1148 1454 omnia

256 1498 305 1565 ibi
327 1496 534 1560 inveniuntur
560 1495 793 1578 praestantiori
814 1493 930 1574 modo,
962 1514 1055 1577 quam
1079 1495 1145 1558 sint

258 1602 295 1666 in
319 1588 458 1682 seipsis:
482 1608 523 1663 et*
538 1598 601 1663 hoo
623 1598 719 1664 modo
744 1598 862 1662 dioitor
876 1600 950 1681 quis
972 1599 1082 1663 redire
1104 1598 1148 1662 ad

253 1701 355 1769 ouum
386 1702 568 1785 exemplar,
603 1721 760 1783 suumque
793 1722 868 1765 esso
899 1701 1023 1783 ideone,
1062 1709 1095 1766 ot
1116 1704 1147 1766 in

254 1807 342 1873 illud
362 1805 586 1871 transformari
609 1807 639 1867 vi
664 1804 784 1869 amoris
800 1814 834 1870 et
855 1804 1149 1888 oootomplationis.

531 2026 649 2083 oAPuT
667 2024 884 2082 UNooolowM.

258 2174 434 2263 Quomodo
468 2176 503 2238 io
535 2196 644 2237 amore
675 2176 721 2237 sit
751 2184 928 2260 perpetuus
950 2166 1094 2237 circulato
1117 2184 1149 2235 et

539 2289 643 2342 motus
668 2278 854 2343 circularis.

569 2406 637 2462 lbid.
657 2424 683 2462 n.
701 2410 745 2466 97.
764 2411 793 2463 ot
810 2410 852 2466 98.

318 2530 411 2600 Siout
443 2535 492 2598 sol
526 2536 659 2602 eooelo
683 2538 794 2601 lucens
818 2536 961 2600 illustrat
984 2535 1148 2615 inferiora,

263 2644 301 2701 et
324 2654 385 2718 per
407 2636 513 2700 lumen
534 2639 654 2702 oxoitat
675 2639 708 2701 in
739 2637 803 2703 illis
836 2638 993 2720 colorem,
1024 2641 1077 2722 qui
1109 2661 1149 2705 oa

260 2759 397 2812 sursum
421 2760 538 2806 vorsus
560 2741 660 2807 solem
684 2741 799 2824 trahit,
828 2743 998 2823 itabens,
1022 2744 1075 2826 qui
1099 2752 1150 2807 ost

258 2844 317 2911 sol
341 2843 449 2908 mundi
477 2845 650 2928 spiritalis,
679 2846 711 2909 in
745 2852 868 2909 montes
900 2844 1067 2928 subjectas
1101 2848 1149 2910 in·

257 2947 369 3016 fundit
391 2948 496 3013 lumen
518 2949 710 3033 sapientiae,
742 2955 775 3011 ot
796 2969 856 3031 por
878 2946 942 3014 hoo
961 2950 1066 3016 lumen
1090 2972 1149 3016 ox·

259 3053 344 3119 oitat
367 3053 511 3118 oalorom
532 3056 668 3134 amoris,
700 3071 764 3135 quo
787 3059 910 3117 mentes
933 3072 1059 3120 sursum
1082 3062 1149 3121 tra-

260 3159 394 3238 huntur,
417 3164 451 3222 ot
471 3158 542 3223 Deo
565 3156 812 3241 conjunguntur.

306 3260 379 3326 Hoo
407 3259 503 3326 modo
523 3258 618 3344 juxto
644 3261 679 3327 S.
712 3261 901 3346 Dionysium
931 3261 994 3348 (do
1029 3263 1148 3327 divinis

261 3366 443 3432 nominibus
472 3382 499 3429 o.
523 3366 551 3429 4.
573 3385 603 3449 p.
629 3362 675 3448 1.)
698 3367 731 3429 in
760 3386 872 3434 amore
894 3375 945 3433 ost
966 3374 1144 3453 perpetuus

262 3471 417 3553 oiroulun,
441 3478 600 3536 et'motuo
629 3470 807 3537 oiroularis.
852 3470 904 3537 Ex
932 3469 1042 3537 divino
1064 3473 1148 3537 onim
