2817 4317
528 1104 826 1253 Pntttttlttt.
908 1169 911 1174 ·
978 1156 981 1162 ·
1101 1091 1104 1096 ’

298 1445 348 1541 St
376 1476 477 1544 humo
504 1474 537 1541 in
566 1475 735 1562 primaevo
762 1482 846 1544 statu
869 1478 1063 1546 innoeeutiaa
1090 1485 1125 1545 et

236 1584 375 1671 justitia
391 1578 574 1663 =originalia
596 1579 810 1664 perstitisset,
840 1600 905 1648 nou
937 1583 1055 1649 luisset
1076 1582 1123 1647 illi

238 1686 374 1755 diffinite
395 1684 554 1751 eoelestia
583 1692 617 1751 et
643 1684 756 1752 diviua
777 1686 942 1770 meditari,
962 1687 1121 1752 divinam·

237 1812 302 1877 que
330 1789 548 1874 praesentiam
578 1806 710 1874 semper
737 1811 820 1875 prae
849 1793 953 1859 oeulis
981 1793 1120 1875 habere3

238 1905 272 1959 et
287 1917 288 1922 ¹
306 1893 515 1962 maximarum
537 1892 708 1974 virtutum,
740 1901 775 1960 ut
796 1895 884 1977 fidei,
907 1896 990 1979 spei,
1013 1896 1120 1961 ehari-

241 1997 329 2080 tatis,
338 1995 517 2080 religionis,
526 1997 743 2081 gratitudinis,
754 1999 949 2076 humilitatis,
964 2019 1120 2065 reveren·

238 2105 316 2185 tiae,
339 2101 555 2185 obedientiae,
578 2111 641 2169 ete.
662 2105 844 2172 sanationes
866 2107 898 2170 in
928 2107 1033 2171 animo
1060 2124 1120 2172 suo

237 2207 397 2287 exaitare,
420 2212 455 2269 et
475 2213 614 2271 mentem
637 2224 709 2272 eum
731 2208 802 2276 Deo
825 2210 1016 2275 suavissime
1038 2227 1119 2275 eon·

233 2312 393 2397 jungere:
425 2310 570 2377 ltabelrat
593 2312 676 2376 euim
708 2312 765 2378 ille
793 2320 898 2379 status
921 2313 1118 2397 singularem

237 2416 298 2482 usi
319 2415 553 2499 assistentiam,
579 2424 718 2483 mentem
741 2419 972 2499 illustrantem,
995 2425 1028 2483 et
1045 2436 1116 2483 eam

236 2521 269 2586 in
297 2538 357 2584 suo
381 2526 501 2585 uenatu
535 2518 760 2604 adjuvantem,
790 2519 832 2586 ad
861 2520 965 2588 Deum
994 2540 1117 2605 aegno-

236 2623 409 2706 seendum‚
440 2626 475 2687 et
502 2622 552 2688 'ad
578 2625 687 2689 amnia
718 2625 871 2691 virtutum
890 2626 1012 2692 nilida
1044 2645 1116 2692 num

239 2747 357 2813 magna
379 2729 550 2812 voluptate
572 2734 605 2792 et
626 2728 784 2795 iaeilitate
806 2729 965 2796 obeunda.
994 2729 1116 2795 Verum
1172 2739 1175 2748 “

234 2852 351 2899 everso
373 2832 438 2900 isto
453 2839 539 2900 statu
562 2852 623 2919 per
642 2843 821 2919 pennatum,
843 2835 971 2900 sublata
993 2842 1045 2899 est
1058 2834 1115 2899 illa

233 2936 332 3001 divini
347 2936 490 3022 Spiritus
509 2935 676 3004 ordinaria
696 2940 879 3024 opitulatio,
895 2946 932 3003 et
951 2939 993 3003 ad
1008 2937 1115 3003 nudae

231 3047 367 3106 naturae
381 3048 514 3109 nostrae
527 3039 741 3111 infirmitatem
758 3042 888 3127 delapsi
903 3061 1027 3108 sumus:
1050 3061 1115 3123 qua

230 3142 294 3225 lit,
308 3151 343 3209 ut
364 3143 545 3211 divinarum
568 3164 675 3211 rerum
696 3145 923 3213 -eonsideratiu
952 3153 986 3211 et
1007 3146 1113 3211 emnia

231 3252 385 3324 virtutum
409 3247 567 3320 exereitia
589 3250 687 3315 nobis
705 3251 799 3315 taeta.
815 3249 1049 3315 sintdiifieilia
1072 3268 1113 3317 ae

172 3346 176 3354 ’
234 3352 419 3435 laboriosa,
443 3360 482 3419 :et
507 3356 703 3439 plerumque
729 3356 853 3438 absque
874 3353 1058 3434 suavitate,
1080 3362 1113 3422 et

229 3457 437 3535 suu-saetis
452 3477 475 3525 s
492 3459 589 3526 uultis
600 3460 778 3525 {obeantuu
806 3458 918 3537 Fanile
940 3463 993 3523 est
1012 3459 1113 3524 menti
