2817 4317
598 771 855 833 cousiuualuo
873 772 939 831 uu.
1020 862 1022 866 Ι

574 910 620 975 Do
640 912 871 977 immortalitate
895 909 962 975 Dei.

464 1047 571 1099 Affeotu
590 1051 731 1117 aspirantis
748 1052 783 1100 ad
800 1049 899 1128 bouum
917 1024 1078 1100 immortale.

370 1168 561 1235 Immortalis
585 1168 718 1249 dieitur,
752 1170 779 1235 1.
803 1170 878 1252 quia
901 1188 972 1234 oum
1004 1170 1053 1234 ita
1076 1170 1123 1235 sit
1145 1170 1208 1235 sin·

326 1270 405 1353 plex
426 1274 608 1337 substantia
634 1294 694 1356 per
716 1294 753 1337 se
782 1273 982 1354 subsistens,
1016 1261 1091 1337 non·
1107 1279 1210 1357 potest

327 1375 392 1439 ullu
415 1377 512 1441 modo
535 1378 615 1442 mori
638 1397 699 1459 per
723 1369 989 1455 dissolutionem,·
1009 1378 1102 1445 siout
1121 1379 1208 1444 hono

326 1479 475 1556 moritur,
513 1480 645 1561 quando
680 1482 787 1545 anima
823 1480 960 1545 solvitur
996 1500 1018 1544 a
1059 1499 1210 1568 eorpore.

289 1578 292 1582 ’
326 1580 448 1646 verum
477 1583 558 1648 haee
590 1583 814 1650 immortalitas
846 1591 898 1670 est
927 1584 997 1648 Deo
1032 1585 1210 1650 'eommunis

328 1704 399 1749 oum
429 1687 575 1751 omuibus
603 1687 726 1754 naturis
762 1682 966 1772 simplioibns
993 1707 1056 1769 per
1082 1708 1125 1756 se
1146 1690 1212 1754 sub·

327 1791 530 1854 sistentibus:
555 1811 638 1873 quae
661 1792 736 1874 quia
759 1791 924 1873 simplices
947 1773 1127 1871 suut-nou
1143 1811 1210 1876 uos·

327 1900 402 1959 suut
425 1896 558 1960 dissolvi
587 1896 620 1959 in
644 1903 757 1979 partes
780 1878 959 1973 essentiae3
997 1901 1033 1957 et
1056 1896 1143 1977 quin
1156 1915 1212 1980 per

327 2016 364 2059 se
388 1998 581 2078 subsistunt,
603 2015 666 2061 uon
689 1997 834 2079 pendent
856 2000 897 2072 ab
920 1997 1029 2079 aliquo
1052 1999 1213 2086 subjeoto,

328 2101 371 2164 ad
404 2101 497 2184 nujus
530 2102 690 2166 interitum
722 2103 777 2165 vel
808 2101 1033 2168 alterationem
1074 2101 1213 2178 debeant

330 2205 447 2287 perire,
467 2206 553 2270 siout
575 2225 687 2270 omnes
714 2208 838 2272 animae
861 2226 921 2271 sau
943 2203 1136 2298 vitaetam'
1152 2207 1213 2272 ani·

327 2310 453 2374 mulium
477 2330 573 2391 quam
588 2312 782 2393 plantarum,
805 2328 945 2392 oorpore
960 2308 1140 2394 destrnoto
1163 2310 1213 2375 ‹le-

327 2405 404 2478 bent
427 2414 545 2495 perire,
569 2415 643 2495 quia
658 2422 833 2497 separatae
849 2433 875 2479 ‘a
897 2411 1071 2497 subjeoos,
1097 2413 1211 2480 nullan

316 2526 466 2601 ‘possunt
495 2518 615 2583 habere
650 2504 873 2599 functionem,¹
903 2527 943 2583 ao
975 2516 1124 2599 proinde
1154 2518 1211 2583 illis

327 2636 389 2685 uon
412 2626 464 2684 est
485 2619 596 2685 debita
617 2621 839 2690 conservatio.

372 2727 400 2789 2.
431 2724 555 2790 Dicitur
589 2719 723 2808 proprie
752 2722 954 2805 immortoltt,
984 2724 1064 2807 quia
1101 2734 1211 2794 natura

305 2848 386 2892 -sua
409 2827 484 2892 talis
508 2836 573 2910 est,
606 2836 640 2891 ut
670 2829 760 2893 nullo
793 2827 890 2894 modo
924 2829 1030 2911 possit
1064 2831 1211 2898 desinere

327 2950 421 3010 esse,
447 2937 510 3010 ¹aut
536 2930 687 2996 amittere
715 2931 814 2996 vitam
837 2950 937 2996 suom.
982 2927 1112 3000 (latera
1135 2953 1209 3001 vero

327 3034 432 3100 omnia
454 3041 568 3099 natura
598 3055 657 3098 suu
681 3035 758 3099 talia
786 3043 877 3113 sunt,
908 3041 943 3100 ut
962 3044 1095 3102 ornnem
1118 3040 1210 3106 vitam

327 3158 427 3218 suam,
447 3144 494 3204 *et
515 3146 670 3218 naturam,
693 3146 727 3203 et
749 3146 849 3204 totum
872 3159 950 3205 esse
972 3158 1068 3204 sunm
1083 3144 1212 3226 possint

305 3273 306 3278 κ
327 3243 485 3323 amittere,
507 3243 592 3306 unde
614 3241 798 3327 Apostolus
816 3242 860 3307 ad
880 3243 1015 3307 'l'imotlu
1039 3242 1072 3309 6.
1093 3251 1148 3329 qut
1167 3264 1212 3313 to·

294 3351 296 3356 '
327 3346 376 3411 tos
405 3346 496 3412 tolet
513 3347 781 3414 immortalitatem.
824 3346 920 3418 Ratio
944 3352 1012 3411 est:
1043 3349 1125 3431 quia
1148 3368 1212 3416 eun

327 3449 415 3514 Deus
438 3449 480 3512 sit
503 3469 561 3515 eus
585 3451 737 3534 primum,
768 3470 940 3532 summum,
960 3457 996 3514 ¹ot
1019 3449 1210 3518 fundamen·
