<?xml version="1.0" encoding="UTF-8"?>
<!DOCTYPE html PUBLIC "-//W3C//DTD XHTML 1.0 Transitional//EN"
    "http://www.w3.org/TR/xhtml1/DTD/xhtml1-transitional.dtd">
<html xmlns="http://www.w3.org/1999/xhtml" xml:lang="en" lang="en">
 <head>
  <title>
</title>
<meta http-equiv="Content-Type" content="text/html;charset=utf-8" />
  <meta name='ocr-system' content='tesseract 3.04.00' />
  <meta name='ocr-capabilities' content='ocr_page ocr_carea ocr_par ocr_line ocrx_word'/>
</head>
<body>
  <div class='ocr_page' id='page_1' title='image "./leonardilessiio00lessgoog_0235.png"; bbox 0 0 2817 4317; ppageno 0'>
   <div class='ocr_carea' id='block_1_1' title="bbox 326 442 390 508">
    <p class='ocr_par' dir='ltr' id='par_1_1' title="bbox 326 442 390 508">
     <span class='ocr_line' id='line_1_1' title="bbox 326 442 390 508; baseline -0.016 0"><span class='ocrx_word' id='word_1_1' title='bbox 326 442 390 508; x_wconf 71' lang='lat'>234</span> 
     </span>
    </p>
   </div>
   <div class='ocr_carea' id='block_1_2' title="bbox 258 630 1214 3218">
    <p class='ocr_par' dir='ltr' id='par_1_2' title="bbox 326 630 1214 2794">
     <span class='ocr_line' id='line_1_2' title="bbox 327 630 1209 716; baseline -0.001 -20"><span class='ocrx_word' id='word_1_2' title='bbox 327 633 468 696; x_wconf 86' lang='lat' dir='ltr'>infinitae</span> <span class='ocrx_word' id='word_1_3' title='bbox 491 632 648 716; x_wconf 81' lang='lat' dir='ltr'><strong>regiones</strong></span> <span class='ocrx_word' id='word_1_4' title='bbox 684 642 717 697; x_wconf 90' lang='lat' dir='ltr'>et</span> <span class='ocrx_word' id='word_1_5' title='bbox 751 635 865 713; x_wconf 88' lang='lat' dir='ltr'>urbes,</span> <span class='ocrx_word' id='word_1_6' title='bbox 896 630 1010 695; x_wconf 85' lang='lat' dir='ltr'>infiniti</span> <span class='ocrx_word' id='word_1_7' title='bbox 1045 632 1155 715; x_wconf 88' lang='lat' dir='ltr'>campi</span> <span class='ocrx_word' id='word_1_8' title='bbox 1183 640 1209 695; x_wconf 88' lang='lat' dir='ltr'>et</span> 
     </span>
     <span class='ocr_line' id='line_1_3' title="bbox 327 736 1210 821; baseline 0.001 -23"><span class='ocrx_word' id='word_1_9' title='bbox 327 736 439 815; x_wconf 86' lang='lat' dir='ltr'>silvae,</span> <span class='ocrx_word' id='word_1_10' title='bbox 463 737 576 800; x_wconf 88' lang='lat' dir='ltr'>infiniti</span> <span class='ocrx_word' id='word_1_11' title='bbox 600 738 672 821; x_wconf 83' lang='lat' dir='ltr'>agri</span> <span class='ocrx_word' id='word_1_12' title='bbox 692 745 726 800; x_wconf 92' lang='lat' dir='ltr'>et</span> <span class='ocrx_word' id='word_1_13' title='bbox 749 738 853 817; x_wconf 92' lang='lat' dir='ltr'>horti,</span> <span class='ocrx_word' id='word_1_14' title='bbox 884 736 999 799; x_wconf 87' lang='lat' dir='ltr'>infiniti</span> <span class='ocrx_word' id='word_1_15' title='bbox 1032 745 1164 801; x_wconf 89' lang='lat' dir='ltr'>montes</span> <span class='ocrx_word' id='word_1_16' title='bbox 1184 745 1210 799; x_wconf 87' lang='lat' dir='ltr'>et</span> 
     </span>
     <span class='ocr_line' id='line_1_4' title="bbox 327 838 1209 925; baseline 0 -22"><span class='ocrx_word' id='word_1_17' title='bbox 327 842 441 919; x_wconf 84' lang='lat' dir='ltr'>fontes,</span> <span class='ocrx_word' id='word_1_18' title='bbox 463 840 586 904; x_wconf 88' lang='lat' dir='ltr'>infinita</span> <span class='ocrx_word' id='word_1_19' title='bbox 609 842 711 905; x_wconf 86' lang='lat' dir='ltr'>maria</span> <span class='ocrx_word' id='word_1_20' title='bbox 730 850 764 907; x_wconf 91' lang='lat' dir='ltr'>et</span> <span class='ocrx_word' id='word_1_21' title='bbox 783 840 924 920; x_wconf 88' lang='lat' dir='ltr'>flumina,</span> <span class='ocrx_word' id='word_1_22' title='bbox 945 838 1075 903; x_wconf 86' lang='lat' dir='ltr'>infinita</span> <span class='ocrx_word' id='word_1_23' title='bbox 1097 841 1209 925; x_wconf 88' lang='lat' dir='ltr'>palatia</span> 
     </span>
     <span class='ocr_line' id='line_1_5' title="bbox 327 943 1210 1028; baseline 0.005 -23"><span class='ocrx_word' id='word_1_24' title='bbox 327 951 359 1006; x_wconf 90' lang='lat' dir='ltr'>et</span> <span class='ocrx_word' id='word_1_25' title='bbox 381 944 521 1025; x_wconf 87' lang='lat' dir='ltr'>templa:</span> <span class='ocrx_word' id='word_1_26' title='bbox 547 943 668 1007; x_wconf 89' lang='lat' dir='ltr'>infinita</span> <span class='ocrx_word' id='word_1_27' title='bbox 689 944 790 1006; x_wconf 92' lang='lat' dir='ltr'>omnis</span> <span class='ocrx_word' id='word_1_28' title='bbox 806 943 937 1025; x_wconf 80' lang='lat' dir='ltr'>generis</span> <span class='ocrx_word' id='word_1_29' title='bbox 958 944 1128 1028; x_wconf 81' lang='lat' dir='ltr'>supellex,</span> <span class='ocrx_word' id='word_1_30' title='bbox 1152 964 1210 1009; x_wconf 93' lang='lat' dir='ltr'>em·</span> 
     </span>
     <span class='ocr_line' id='line_1_6' title="bbox 327 1047 1211 1131; baseline 0.006 -24"><span class='ocrx_word' id='word_1_31' title='bbox 327 1065 397 1111; x_wconf 90' lang='lat' dir='ltr'>nem</span> <span class='ocrx_word' id='word_1_32' title='bbox 431 1067 590 1129; x_wconf 90' lang='lat' dir='ltr'>superans</span> <span class='ocrx_word' id='word_1_33' title='bbox 626 1047 891 1111; x_wconf 76' lang='lat' dir='ltr'><strong>aestimationem.</strong></span> <span class='ocrx_word' id='word_1_34' title='bbox 936 1048 1090 1129; x_wconf 86' lang='lat' dir='ltr'>Denique</span> <span class='ocrx_word' id='word_1_35' title='bbox 1127 1050 1211 1131; x_wconf 86' lang='lat' dir='ltr'>quid·</span> 
     </span>
     <span class='ocr_line' id='line_1_7' title="bbox 328 1151 1211 1234; baseline -0.001 -19"><span class='ocrx_word' id='word_1_36' title='bbox 328 1151 404 1233; x_wconf 87' lang='lat' dir='ltr'>quid</span> <span class='ocrx_word' id='word_1_37' title='bbox 436 1152 587 1234; x_wconf 79' lang='lat' dir='ltr'>pretiosi,</span> <span class='ocrx_word' id='word_1_38' title='bbox 620 1152 764 1233; x_wconf 79' lang='lat' dir='ltr'>pulchri,</span> <span class='ocrx_word' id='word_1_39' title='bbox 797 1151 979 1233; x_wconf 82' lang='lat' dir='ltr'>splendidi,</span> <span class='ocrx_word' id='word_1_40' title='bbox 1005 1152 1211 1218; x_wconf 83' lang='lat' dir='ltr'>delectabilis</span> 
     </span>
     <span class='ocr_line' id='line_1_8' title="bbox 327 1253 1211 1342; baseline -0.002 -23"><span class='ocrx_word' id='word_1_41' title='bbox 327 1267 431 1321; x_wconf 86' lang='lat' dir='ltr'>mente</span> <span class='ocrx_word' id='word_1_42' title='bbox 455 1255 582 1336; x_wconf 80' lang='lat' dir='ltr'>concipi</span> <span class='ocrx_word' id='word_1_43' title='bbox 605 1259 733 1336; x_wconf 85' lang='lat' dir='ltr'>potest,</span> <span class='ocrx_word' id='word_1_44' title='bbox 763 1253 807 1316; x_wconf 91' lang='lat' dir='ltr'>ibi</span> <span class='ocrx_word' id='word_1_45' title='bbox 842 1253 1025 1342; x_wconf 85' lang='lat' dir='ltr'>continetur</span> <span class='ocrx_word' id='word_1_46' title='bbox 1050 1264 1087 1317; x_wconf 90' lang='lat' dir='ltr'>et</span> <span class='ocrx_word' id='word_1_47' title='bbox 1113 1255 1211 1339; x_wconf 88' lang='lat' dir='ltr'>possi·</span> 
     </span>
     <span class='ocr_line' id='line_1_9' title="bbox 327 1356 1212 1444; baseline 0.002 -23"><span class='ocrx_word' id='word_1_48' title='bbox 327 1360 422 1440; x_wconf 90' lang='lat' dir='ltr'>detur</span> <span class='ocrx_word' id='word_1_49' title='bbox 444 1360 538 1442; x_wconf 91' lang='lat' dir='ltr'>copia</span> <span class='ocrx_word' id='word_1_50' title='bbox 561 1357 691 1421; x_wconf 83' lang='lat' dir='ltr'>infinita.</span> <span class='ocrx_word' id='word_1_51' title='bbox 737 1356 828 1444; x_wconf 72' lang='lat' dir='ltr'>llaec</span> <span class='ocrx_word' id='word_1_52' title='bbox 853 1358 937 1420; x_wconf 93' lang='lat' dir='ltr'>enim</span> <span class='ocrx_word' id='word_1_53' title='bbox 965 1358 1079 1421; x_wconf 86' lang='lat' dir='ltr'>omnia</span> <span class='ocrx_word' id='word_1_54' title='bbox 1112 1368 1147 1423; x_wconf 85' lang='lat' dir='ltr'>et</span> <span class='ocrx_word' id='word_1_55' title='bbox 1170 1360 1212 1422; x_wconf 91' lang='lat' dir='ltr'>in·</span> 
     </span>
     <span class='ocr_line' id='line_1_10' title="bbox 327 1453 1213 1547; baseline 0.001 -20"><span class='ocrx_word' id='word_1_56' title='bbox 327 1464 415 1527; x_wconf 88' lang='lat' dir='ltr'>finita</span> <span class='ocrx_word' id='word_1_57' title='bbox 438 1465 518 1544; x_wconf 87' lang='lat' dir='ltr'>alia,</span> <span class='ocrx_word' id='word_1_58' title='bbox 542 1453 635 1544; x_wconf 74' lang='lat' dir='ltr'>&#39;qnae</span> <span class='ocrx_word' id='word_1_59' title='bbox 667 1462 754 1525; x_wconf 85' lang='lat' dir='ltr'>nulle</span> <span class='ocrx_word' id='word_1_60' title='bbox 776 1481 865 1525; x_wconf 89' lang='lat' dir='ltr'>mens</span> <span class='ocrx_word' id='word_1_61' title='bbox 889 1470 1015 1525; x_wconf 84' lang='lat' dir='ltr'>ereata¹</span> <span class='ocrx_word' id='word_1_62' title='bbox 1036 1465 1213 1547; x_wconf 77' lang='lat' dir='ltr'>concipere</span> 
     </span>
     <span class='ocr_line' id='line_1_11' title="bbox 328 1567 1213 1650; baseline 0.005 -20"><span class='ocrx_word' id='word_1_63' title='bbox 328 1575 434 1649; x_wconf 86' lang='lat' dir='ltr'>queat,</span> <span class='ocrx_word' id='word_1_64' title='bbox 457 1568 502 1630; x_wconf 92' lang='lat' dir='ltr'>ita</span> <span class='ocrx_word' id='word_1_65' title='bbox 525 1568 556 1630; x_wconf 92' lang='lat' dir='ltr'>in</span> <span class='ocrx_word' id='word_1_66' title='bbox 582 1567 691 1630; x_wconf 88' lang='lat' dir='ltr'>divina</span> <span class='ocrx_word' id='word_1_67' title='bbox 713 1567 865 1645; x_wconf 90' lang='lat' dir='ltr'>essentia,</span> <span class='ocrx_word' id='word_1_68' title='bbox 889 1567 1053 1650; x_wconf 85' lang='lat' dir='ltr'>sapientia</span> <span class='ocrx_word' id='word_1_69' title='bbox 1093 1576 1129 1632; x_wconf 87' lang='lat' dir='ltr'>et</span> <span class='ocrx_word' id='word_1_70' title='bbox 1152 1587 1213 1634; x_wconf 90' lang='lat' dir='ltr'>om·</span> 
     </span>
     <span class='ocr_line' id='line_1_12' title="bbox 326 1670 1213 1761; baseline 0.002 -28"><span class='ocrx_word' id='word_1_71' title='bbox 326 1672 503 1761; x_wconf 85' lang='lat' dir='ltr'>uipotentia</span> <span class='ocrx_word' id='word_1_72' title='bbox 528 1671 677 1749; x_wconf 83' lang='lat' dir='ltr'>existunt,</span> <span class='ocrx_word' id='word_1_73' title='bbox 701 1678 735 1734; x_wconf 91' lang='lat' dir='ltr'>et</span> <span class='ocrx_word' id='word_1_74' title='bbox 758 1670 867 1735; x_wconf 88' lang='lat' dir='ltr'>lucent</span> <span class='ocrx_word' id='word_1_75' title='bbox 890 1671 986 1735; x_wconf 88' lang='lat' dir='ltr'>menti</span> <span class='ocrx_word' id='word_1_76' title='bbox 1011 1670 1163 1754; x_wconf 83' lang='lat' dir='ltr'>divinae,</span> <span class='ocrx_word' id='word_1_77' title='bbox 1185 1680 1213 1735; x_wconf 87' lang='lat' dir='ltr'>nt</span> 
     </span>
     <span class='ocr_line' id='line_1_13' title="bbox 327 1771 1213 1861; baseline 0 -22"><span class='ocrx_word' id='word_1_78' title='bbox 327 1776 421 1839; x_wconf 89' lang='lat' dir='ltr'>unico</span> <span class='ocrx_word' id='word_1_79' title='bbox 443 1785 520 1838; x_wconf 92' lang='lat' dir='ltr'>nutu</span> <span class='ocrx_word' id='word_1_80' title='bbox 546 1775 722 1839; x_wconf 87' lang='lat' dir='ltr'>voluntatis</span> <span class='ocrx_word' id='word_1_81' title='bbox 746 1771 956 1856; x_wconf 86' lang='lat' dir='ltr'>suaepossit</span> <span class='ocrx_word' id='word_1_82' title='bbox 979 1794 1019 1838; x_wconf 90' lang='lat' dir='ltr'>ea</span> <span class='ocrx_word' id='word_1_83' title='bbox 1043 1776 1082 1838; x_wconf 87' lang='lat' dir='ltr'>in</span> <span class='ocrx_word' id='word_1_84' title='bbox 1116 1796 1213 1861; x_wconf 87' lang='lat' dir='ltr'>quan·</span> 
     </span>
     <span class='ocr_line' id='line_1_14' title="bbox 326 1869 1213 1965; baseline -0.002 -20"><span class='ocrx_word' id='word_1_85' title='bbox 326 1882 410 1946; x_wconf 87' lang='lat' dir='ltr'>tavis</span> <span class='ocrx_word' id='word_1_86' title='bbox 433 1880 633 1944; x_wconf 88' lang='lat' dir='ltr'>multitudine</span> <span class='ocrx_word' id='word_1_87' title='bbox 657 1889 688 1943; x_wconf 85' lang='lat' dir='ltr'>et</span> <span class='ocrx_word' id='word_1_88' title='bbox 711 1869 948 1961; x_wconf 76' lang='lat' dir='ltr'>magnitudine,</span> <span class='ocrx_word' id='word_1_89' title='bbox 968 1880 1051 1943; x_wconf 84' lang='lat' dir='ltr'>foris</span> <span class='ocrx_word' id='word_1_90' title='bbox 1082 1880 1213 1965; x_wconf 74' lang='lat' dir='ltr'>,produ-</span> 
     </span>
     <span class='ocr_line' id='line_1_15' title="bbox 327 1974 1214 2067; baseline -0.003 -18"><span class='ocrx_word' id='word_1_91' title='bbox 327 2005 412 2049; x_wconf 90' lang='lat' dir='ltr'>cere.</span> <span class='ocrx_word' id='word_1_92' title='bbox 457 1983 550 2049; x_wconf 89' lang='lat' dir='ltr'>Unde</span> <span class='ocrx_word' id='word_1_93' title='bbox 574 1986 627 2065; x_wconf 86' lang='lat' dir='ltr'>qui</span> <span class='ocrx_word' id='word_1_94' title='bbox 649 1974 748 2048; x_wconf 88' lang='lat' dir='ltr'>Deum</span> <span class='ocrx_word' id='word_1_95' title='bbox 765 1984 931 2067; x_wconf 87' lang='lat' dir='ltr'>possidet,</span> <span class='ocrx_word' id='word_1_96' title='bbox 953 1991 986 2046; x_wconf 85' lang='lat' dir='ltr'>et</span> <span class='ocrx_word' id='word_1_97' title='bbox 1017 1982 1078 2048; x_wconf 83' lang='lat' dir='ltr'>illa</span> <span class='ocrx_word' id='word_1_98' title='bbox 1112 1985 1214 2049; x_wconf 89' lang='lat' dir='ltr'>omnia</span> 
     </span>
     <span class='ocr_line' id='line_1_16' title="bbox 327 2083 1214 2172; baseline -0.003 -20"><span class='ocrx_word' id='word_1_99' title='bbox 327 2089 486 2172; x_wconf 84' lang='lat' dir='ltr'>possidet,</span> <span class='ocrx_word' id='word_1_100' title='bbox 509 2083 639 2171; x_wconf 85' lang='lat' dir='ltr'>illisque</span> <span class='ocrx_word' id='word_1_101' title='bbox 658 2090 688 2151; x_wconf 91' lang='lat' dir='ltr'>in</span> <span class='ocrx_word' id='word_1_102' title='bbox 705 2088 774 2152; x_wconf 88' lang='lat' dir='ltr'>Deo</span> <span class='ocrx_word' id='word_1_103' title='bbox 791 2088 953 2153; x_wconf 85' lang='lat' dir='ltr'>altissimo</span> <span class='ocrx_word' id='word_1_104' title='bbox 968 2087 1067 2152; x_wconf 91' lang='lat' dir='ltr'>modo</span> <span class='ocrx_word' id='word_1_105' title='bbox 1091 2090 1214 2154; x_wconf 81' lang='lat' dir='ltr'>fruitur.</span> 
     </span>
     <span class='ocr_line' id='line_1_17' title="bbox 366 2189 1214 2284; baseline 0.002 -30"><span class='ocrx_word' id='word_1_106' title='bbox 366 2194 398 2282; x_wconf 71' lang='lat'>2.</span> <span class='ocrx_word' id='word_1_107' title='bbox 422 2192 545 2257; x_wconf 84' lang='lat' dir='ltr'>Dicitur</span> <span class='ocrx_word' id='word_1_108' title='bbox 567 2192 705 2257; x_wconf 81' lang='lat' dir='ltr'>absolute</span> <span class='ocrx_word' id='word_1_109' title='bbox 726 2192 881 2284; x_wconf 74' lang='lat' dir='ltr'>infinitus:</span> <span class='ocrx_word' id='word_1_110' title='bbox 920 2191 993 2274; x_wconf 88' lang='lat' dir='ltr'>qnia</span> <span class='ocrx_word' id='word_1_111' title='bbox 1026 2191 1105 2275; x_wconf 89' lang='lat' dir='ltr'>ipse</span> <span class='ocrx_word' id='word_1_112' title='bbox 1129 2189 1214 2259; x_wconf 80' lang='lat' dir='ltr'>soles</span> 
     </span>
     <span class='ocr_line' id='line_1_18' title="bbox 326 2295 1213 2378; baseline 0.001 -19"><span class='ocrx_word' id='word_1_113' title='bbox 326 2316 386 2378; x_wconf 92' lang='lat' dir='ltr'>per</span> <span class='ocrx_word' id='word_1_114' title='bbox 402 2315 448 2378; x_wconf 92' lang='lat' dir='ltr'>se,</span> <span class='ocrx_word' id='word_1_115' title='bbox 464 2296 609 2359; x_wconf 90' lang='lat' dir='ltr'>omnibus</span> <span class='ocrx_word' id='word_1_116' title='bbox 625 2295 688 2358; x_wconf 89' lang='lat' dir='ltr'>illis</span> <span class='ocrx_word' id='word_1_117' title='bbox 704 2295 844 2374; x_wconf 86' lang='lat' dir='ltr'>infinitis,</span> <span class='ocrx_word' id='word_1_118' title='bbox 868 2296 997 2378; x_wconf 83' lang='lat' dir='ltr'>quaein</span> <span class='ocrx_word' id='word_1_119' title='bbox 1014 2296 1090 2377; x_wconf 84' lang='lat' dir='ltr'>ejus</span> <span class='ocrx_word' id='word_1_120' title='bbox 1104 2317 1213 2362; x_wconf 81' lang='lat' dir='ltr'>essen·</span> 
     </span>
     <span class='ocr_line' id='line_1_19' title="bbox 327 2399 1214 2481; baseline 0.006 -19"><span class='ocrx_word' id='word_1_121' title='bbox 327 2401 380 2475; x_wconf 88' lang='lat' dir='ltr'>tia,</span> <span class='ocrx_word' id='word_1_122' title='bbox 396 2399 566 2481; x_wconf 85' lang='lat' dir='ltr'>sapientia,</span> <span class='ocrx_word' id='word_1_123' title='bbox 582 2400 737 2481; x_wconf 87' lang='lat' dir='ltr'>petentia,</span> <span class='ocrx_word' id='word_1_124' title='bbox 752 2400 930 2464; x_wconf 85' lang='lat' dir='ltr'>eminenter</span> <span class='ocrx_word' id='word_1_125' title='bbox 943 2399 1142 2481; x_wconf 85' lang='lat' dir='ltr'>continetur,</span> <span class='ocrx_word' id='word_1_126' title='bbox 1159 2403 1214 2467; x_wconf 88' lang='lat' dir='ltr'>eti·</span> 
     </span>
     <span class='ocr_line' id='line_1_20' title="bbox 327 2502 1213 2582; baseline 0.001 -14"><span class='ocrx_word' id='word_1_127' title='bbox 327 2503 406 2568; x_wconf 89' lang='lat' dir='ltr'>amsi</span> <span class='ocrx_word' id='word_1_128' title='bbox 422 2511 498 2570; x_wconf 85' lang='lat' dir='ltr'>actu</span> <span class='ocrx_word' id='word_1_129' title='bbox 518 2502 598 2566; x_wconf 84' lang='lat' dir='ltr'>feris</span> <span class='ocrx_word' id='word_1_130' title='bbox 618 2502 805 2582; x_wconf 81' lang='lat' dir='ltr'>existerent,</span> <span class='ocrx_word' id='word_1_131' title='bbox 829 2510 881 2566; x_wconf 85' lang='lat' dir='ltr'>est</span> <span class='ocrx_word' id='word_1_132' title='bbox 898 2503 1027 2568; x_wconf 86' lang='lat' dir='ltr'>infinite·</span> <span class='ocrx_word' id='word_1_133' title='bbox 1045 2508 1213 2571; x_wconf 84' lang='lat' dir='ltr'>excelten-</span> 
     </span>
     <span class='ocr_line' id='line_1_21' title="bbox 326 2603 1213 2688; baseline 0 -19"><span class='ocrx_word' id='word_1_134' title='bbox 326 2606 397 2685; x_wconf 84' lang='lat' dir='ltr'>tior,</span> <span class='ocrx_word' id='word_1_135' title='bbox 413 2604 588 2686; x_wconf 86' lang='lat' dir='ltr'>sublimior,</span> <span class='ocrx_word' id='word_1_136' title='bbox 613 2603 727 2688; x_wconf 87' lang='lat' dir='ltr'>majer,</span> <span class='ocrx_word' id='word_1_137' title='bbox 743 2605 919 2687; x_wconf 87' lang='lat' dir='ltr'>pulchrior,</span> <span class='ocrx_word' id='word_1_138' title='bbox 933 2605 1115 2676; x_wconf 80' lang='lat' dir='ltr'>amabilior.</span> <span class='ocrx_word' id='word_1_139' title='bbox 1151 2611 1213 2677; x_wconf 84' lang='lat' dir='ltr'>lme</span> 
     </span>
     <span class='ocr_line' id='line_1_22' title="bbox 327 2693 1214 2794; baseline 0.003 -20"><span class='ocrx_word' id='word_1_140' title='bbox 327 2710 432 2775; x_wconf 87' lang='lat' dir='ltr'>omnia</span> <span class='ocrx_word' id='word_1_141' title='bbox 464 2710 518 2772; x_wconf 84' lang='lat' dir='ltr'>illa</span> <span class='ocrx_word' id='word_1_142' title='bbox 552 2708 644 2772; x_wconf 89' lang='lat' dir='ltr'>simul</span> <span class='ocrx_word' id='word_1_143' title='bbox 674 2719 803 2791; x_wconf 87' lang='lat' dir='ltr'>sumpta</span> <span class='ocrx_word' id='word_1_144' title='bbox 825 2719 857 2773; x_wconf 88' lang='lat' dir='ltr'>et</span> <span class='ocrx_word' id='word_1_145' title='bbox 879 2693 1108 2794; x_wconf 86' lang='lat' dir='ltr'>considerata,</span> <span class='ocrx_word' id='word_1_146' title='bbox 1146 2724 1214 2781; x_wconf 86' lang='lat' dir='ltr'>suet</span> 
     </span>
    </p>

    <p class='ocr_par' dir='ltr' id='par_1_3' title="bbox 258 2797 1213 3218">
     <span class='ocr_line' id='line_1_23' title="bbox 258 2797 1213 2895; baseline 0.006 -18"><span class='ocrx_word' id='word_1_147' title='bbox 258 2797 263 2808; x_wconf 47' lang='lat'><em>⁴</em></span> <span class='ocrx_word' id='word_1_148' title='bbox 327 2815 430 2877; x_wconf 88' lang='lat' dir='ltr'>instar</span> <span class='ocrx_word' id='word_1_149' title='bbox 453 2811 591 2884; x_wconf 82' lang='lat' dir='ltr'>nihiliin</span> <span class='ocrx_word' id='word_1_150' title='bbox 613 2814 861 2895; x_wconf 88' lang='lat' dir='ltr'>comparatione</span> <span class='ocrx_word' id='word_1_151' title='bbox 880 2817 1015 2881; x_wconf 85' lang='lat' dir='ltr'>divinae</span> <span class='ocrx_word' id='word_1_152' title='bbox 1049 2820 1213 2890; x_wconf 85' lang='lat' dir='ltr'>excellen-</span> 
     </span>
     <span class='ocr_line' id='line_1_24' title="bbox 327 2918 1213 3001; baseline 0.005 -20"><span class='ocrx_word' id='word_1_153' title='bbox 327 2919 420 2982; x_wconf 82' lang='lat' dir='ltr'>tiae·</span> <span class='ocrx_word' id='word_1_154' title='bbox 445 2918 538 2984; x_wconf 88' lang='lat' dir='ltr'>Unde</span> <span class='ocrx_word' id='word_1_155' title='bbox 560 2918 620 2998; x_wconf 85' lang='lat' dir='ltr'>qni.</span> <span class='ocrx_word' id='word_1_156' title='bbox 638 2918 737 2981; x_wconf 88' lang='lat' dir='ltr'>Deum</span> <span class='ocrx_word' id='word_1_157' title='bbox 763 2918 925 3000; x_wconf 89' lang='lat' dir='ltr'>possidet,</span> <span class='ocrx_word' id='word_1_158' title='bbox 957 2935 1065 2999; x_wconf 86' lang='lat' dir='ltr'>eoque</span> <span class='ocrx_word' id='word_1_159' title='bbox 1088 2922 1213 3001; x_wconf 78' lang='lat' dir='ltr'>fruitur,</span> 
     </span>
     <span class='ocr_line' id='line_1_25' title="bbox 326 3017 1212 3111; baseline 0.001 -25"><span class='ocrx_word' id='word_1_160' title='bbox 326 3021 623 3105; x_wconf 81' lang='lat' dir='ltr'>incomparabiliter</span> <span class='ocrx_word' id='word_1_161' title='bbox 637 3020 741 3102; x_wconf 84' lang='lat' dir='ltr'>magis</span> <span class='ocrx_word' id='word_1_162' title='bbox 765 3023 888 3103; x_wconf 82' lang='lat' dir='ltr'>gaudet</span> <span class='ocrx_word' id='word_1_163' title='bbox 911 3021 984 3105; x_wconf 91' lang='lat' dir='ltr'>ejus</span> <span class='ocrx_word' id='word_1_164' title='bbox 1008 3017 1212 3111; x_wconf 77' lang='lat' dir='ltr'>soliuspos·</span> 
     </span>
     <span class='ocr_line' id='line_1_26' title="bbox 327 3124 1212 3218; baseline 0.002 -26"><span class='ocrx_word' id='word_1_165' title='bbox 327 3128 484 3208; x_wconf 88' lang='lat' dir='ltr'>sessione,</span> <span class='ocrx_word' id='word_1_166' title='bbox 509 3124 657 3218; x_wconf 83' lang='lat' dir='ltr'>quamsi</span> <span class='ocrx_word' id='word_1_167' title='bbox 682 3126 789 3189; x_wconf 87' lang='lat' dir='ltr'>omnia</span> <span class='ocrx_word' id='word_1_168' title='bbox 810 3125 872 3189; x_wconf 85' lang='lat' dir='ltr'>ille¹</span> <span class='ocrx_word' id='word_1_169' title='bbox 889 3126 1112 3192; x_wconf 80' lang='lat' dir='ltr'>extralleum</span> <span class='ocrx_word' id='word_1_170' title='bbox 1138 3148 1212 3213; x_wconf 86' lang='lat' dir='ltr'>pes·</span> 
     </span>
    </p>
   </div>
   <div class='ocr_carea' id='block_1_3' title="bbox 213 3229 1213 3317">
    <p class='ocr_par' dir='ltr' id='par_1_4' title="bbox 213 3229 1213 3317">
     <span class='ocr_line' id='line_1_27' title="bbox 213 3229 1213 3317; baseline -0.002 -19"><span class='ocrx_word' id='word_1_171' title='bbox 213 3301 219 3313; x_wconf 65' lang='lat'><em>‚</em></span> <span class='ocrx_word' id='word_1_172' title='bbox 331 3232 458 3295; x_wconf 91' lang='lat' dir='ltr'>sideret</span> <span class='ocrx_word' id='word_1_173' title='bbox 468 3237 526 3315; x_wconf 73' lang='lat' dir='ltr'>‚set</span> <span class='ocrx_word' id='word_1_174' title='bbox 539 3229 823 3294; x_wconf 87' lang='lat' dir='ltr'>omnium-illorum</span> <span class='ocrx_word' id='word_1_175' title='bbox 837 3229 1089 3312; x_wconf 87' lang='lat' dir='ltr'>pulchritudine,</span> <span class='ocrx_word' id='word_1_176' title='bbox 1105 3233 1213 3317; x_wconf 87' lang='lat' dir='ltr'>splen·</span> 
     </span>
    </p>
   </div>
   <div class='ocr_carea' id='block_1_4' title="bbox 326 3333 1212 3416">
    <p class='ocr_par' dir='ltr' id='par_1_5' title="bbox 326 3333 1212 3416">
     <span class='ocr_line' id='line_1_28' title="bbox 326 3333 1212 3416; baseline -0.002 -15"><span class='ocrx_word' id='word_1_177' title='bbox 326 3335 420 3413; x_wconf 83' lang='lat' dir='ltr'>dere,</span> <span class='ocrx_word' id='word_1_178' title='bbox 462 3333 580 3416; x_wconf 82' lang='lat' dir='ltr'>gloria,</span> <span class='ocrx_word' id='word_1_179' title='bbox 622 3334 851 3398; x_wconf 86' lang='lat' dir='ltr'>commoditate</span> <span class='ocrx_word' id='word_1_180' title='bbox 889 3334 1062 3398; x_wconf 85' lang='lat' dir='ltr'>frueretur.</span> <span class='ocrx_word' id='word_1_181' title='bbox 1125 3338 1212 3402; x_wconf 82' lang='lat' dir='ltr'>Dens</span> 
     </span>
    </p>
   </div>
   <div class='ocr_carea' id='block_1_5' title="bbox 0 0 1418 4317">
    <p class='ocr_par' dir='ltr' id='par_1_6' title="bbox 0 0 1418 4317">
     <span class='ocr_line' id='line_1_29' title="bbox 0 0 1418 4317; baseline 0 0"><span class='ocrx_word' id='word_1_182' title='bbox 0 0 1418 4317; x_wconf 95' lang='lat' dir='ltr'> </span> 
     </span>
    </p>
   </div>
  </div>
 </body>
</html>
