2817 4317
582 839 584 844 ι
670 806 859 863 rnnonrro.

597 940 646 1000 ne
668 914 831 1019 intonare
854 938 929 999 nea
975 923 978 930 '

530 1070 569 1123 nx
587 1055 639 1124 rui
657 1072 681 1125 1.
698 1072 730 1124 n
748 1068 859 1139 rer-sect.
878 1084 940 1139 oap.
958 1071 985 1124 r.
1083 1078 1085 1082 J

368 1198 500 1263 Domine
524 1198 611 1261 Deus
634 1216 740 1273 meuS,
774 1194 862 1259 Deus
886 1216 1003 1278 magne
1027 1204 1065 1261 et
1089 1195 1208 1263 terribi-

324 1303 380 1381 lia,
414 1303 500 1366 Deus
533 1302 707 1365 immensae
742 1299 943 1383 majestatis!
976 1302 1042 1365 ..Tu
1078 1302 1208 1384 pelagus

323 1405 477 1469 infinitum
511 1406 691 1486 essentiae,
730 1389 884 1469 bonitatis
919 1413 952 1469 et
988 1407 1208 1483 beatitudinis,

324 1529 418 1575 omne
451 1530 525 1574 esse
549 1518 589 1573 et
621 1528 718 1573 umne
750 1512 868 1573 bonum
888 1509 919 1572 in
944 1519 977 1573 te
1000 1511 1209 1587 concludens,

326 1621 359 1677 et
390 1617 430 1676 ab
463 1621 596 1677 aeterno
630 1614 806 1677 eminenter
840 1614 1036 1696 anticipans,
1062 1624 1210 1699 etprae-

324 1719 457 1800 habenS,
479 1727 638 1799 tamquam
661 1720 735 1781 fons
756 1718 856 1783 totius
873 1719 1026 1789 entitatiS.
1076 1719 1129 1792 'l'u
1145 1720 1208 1783 fun·

325 1820 507 1885 damentum
524 1823 726 1905 possibilium
742 1824 889 1899 omnium,
903 1839 978 1884 esse
992 1842 1209 1905 superessen-

326 1925 406 1988 tiale
427 1926 564 1990 omniurn
589 1925 777 2008 quaesunt,
802 1934 834 1990 et
856 1943 939 2006 qnae
962 1943 1026 1988 non
1052 1935 1152 1990 sunt:
1175 1926 1211 1989 si·

329 2049 368 2091 ne
395 2047 457 2110 quo
483 2047 545 2092 non
569 2017 673 2093 solnm
699 2030 779 2093 nihil
803 2037 1012 2111 potestesse
1037 2027 1136 2112 autu,
1160 2031 1211 2095 sel

328 2152 389 2197 neo
409 2137 590 2215 potestate,
602 2152 663 2198 neo
686 2135 782 2197 ullam
807 2125 928 2196 habere
950 2134 1115 2199 rationem
1142 2155 1212 2201 oon·

327 2238 522 2320 uentibilem,
544 2239 598 2301 vel
621 2239 866 2321 intelligibilem.
899 2240 946 2303 'l'u
965 2238 1111 2303 omnium
1130 2241 1212 2324 prin·

325 2343 452 2424 oipium,
476 2328 613 2406 omnium
638 2343 724 2425 finis,
748 2344 885 2408 omniurn
909 2342 1060 2407 eonditor
1093 2352 1130 2407 et
1153 2347 1213 2408 for·

325 2452 446 2525 mator,
477 2445 620 2509 omnium
644 2448 914 2527 sustentaculum,
944 2448 1088 2511 omnium
1114 2450 1213 2527 loeus,

325 2550 461 2614 omnium
486 2569 611 2630 aevum,
635 2549 771 2627 duratio,
795 2551 999 2627 terminatio,
1035 2550 1213 2631 ordinatio,

324 2654 493 2732 connexio,
517 2655 702 2736 coneordia,
726 2654 967 2731 consummatio.
998 2651 1098 2719 Inte
1123 2677 1213 2722 omne

325 2758 441 2820 bonum
464 2755 666 2839 Angelorum
690 2760 815 2841 pariter
839 2766 872 2821 et
899 2758 1083 2837 hominum,
1120 2771 1215 2843 atque

325 2860 421 2925 totius
446 2870 589 2938 naturae,
614 2883 697 2944 qnae
724 2871 791 2943 est,
815 2869 848 2926 et
872 2882 956 2943 quae
977 2879 1041 2925 nen
1066 2872 1135 2928 est.
1181 2866 1213 2930 ln

252 3044 258 3056 J
325 2973 357 3029 te
381 2965 482 3028 omnis
501 2966 608 3049 gloria
632 2978 664 3030 et
687 2968 853 3049 dignitas,
877 2967 1160 3048 omnesdivitiae
1186 2978 1215 3035 et

325 3070 484 3150 thesauri,
520 3070 644 3134 omnes
664 3072 852 3156 uoluptates
889 3080 922 3134 et
953 3073 1214 3153 consolationes,

326 3193 439 3237 omnes
461 3174 610 3255 deliniae,
634 3177 740 3240 omnia
763 3176 899 3258 gaudia,
934 3191 1047 3240 omnes
1070 3180 1214 3245 beatitu-

325 3276 433 3341 dines(
478 3279 525 3342 'l'u
554 3279 640 3343 Dens
670 3301 759 3344 meus
792 3289 831 3345 et
857 3281 963 3343 omniu
991 3300 1087 3361 mea,
1131 3285 1215 3349 Deus

326 3384 435 3449 nordis
460 3385 519 3448 mei
543 3393 575 3447 et
602 3404 678 3466 pars
702 3403 784 3465 mea,
807 3385 895 3448 Deus
918 3383 950 3448 in
975 3391 1163 3454 aeternum.
