2817 4317
1048 572 1110 641 199

267 770 315 835 llx
340 771 456 853 quibus
484 776 575 855 patet
603 774 720 853 primo,
753 788 817 834 non
850 790 925 835 esse
957 788 1040 854 opus
1071 776 1108 835 ut

230 876 452 941 consternet
481 876 590 957 aliqua
613 873 746 959 objecta
767 889 827 938 seo
852 876 1023 941 simulacra
1050 876 1110 940 ob-

230 980 393 1063 jectorum,
417 1000 500 1062 quae
524 981 681 1045 mentibus
701 978 913 1063 objicientur:
944 988 1009 1044 tom
1034 978 1109 1061 qnia

230 1092 317 1150 notos
339 1084 456 1148 vitales
486 1085 614 1149 abunde
647 1083 827 1167 sufficiunt3
858 1083 948 1167 (com
980 1105 1040 1166 per
1072 1104 1109 1147 se

230 1188 403 1254 formaliter
435 1188 598 1270 quaelibet
630 1187 760 1272 objecta
794 1190 890 1254 menti
931 1186 1108 1272 objiciant)

230 1300 291 1356 tum
322 1292 397 1373 quia
429 1293 484 1355 vix
514 1294 643 1376 concipi
677 1301 789 1378 potest
818 1294 980 1377 quomodo
1004 1293 1112 1375 aliqua

230 1396 357 1479 objecta
388 1396 418 1457 in
455 1407 560 1462 mente
584 1396 719 1463 formari
742 1397 885 1480 possint,
918 1406 952 1463 ot
974 1398 1028 1462 lux
1051 1397 1113 1461 im·

230 1520 357 1582 mensa,
386 1500 494 1584 caligo
518 1502 690 1585 immensa,
722 1502 925 1586 profunditas
946 1502 1112 1584 immensa,

230 1610 258 1671 et
281 1605 416 1669 similia:
440 1612 505 1670 tum
530 1608 605 1689 quia
623 1607 719 1671 unico
738 1613 815 1671 actu
833 1607 929 1671 simul
944 1606 1111 1670 innumera

230 1710 468 1794 repraesentari
499 1717 654 1794 possunt3
691 1716 726 1776 ut
755 1730 826 1777 oum
857 1712 1001 1778 ‚Ioannes
1030 1712 1113 1777 vidit

230 1815 349 1879 tortam
386 1833 547 1897 maenam,
585 1833 677 1897 quom
706 1817 905 1882 dinumerare
937 1833 1026 1883 nemo
1055 1834 1113 1899 po·

230 1923 316 1987 terat.
360 1918 474 2002 ltaque
496 1921 703 2003 perspicuum
737 1919 884 2000 videtur,
919 1938 1030 1985 omnes
1062 1926 1112 1982 ta-

230 2026 276 2088 les
309 2024 452 2088 visiones
484 2023 555 2088 fieri
587 2041 647 2104 per
678 2021 769 2086 solos
803 2029 911 2100 actas,
940 2040 1001 2104 per
1030 2039 1112 2103 quos

230 2127 296 2191 feri
335 2135 445 2211 potest
479 2129 570 2192 clara
607 2126 862 2209 repraesentatio
900 2122 1111 2207 objectorum,
1165 2133 1167 2137 ’

230 2231 363 2315 perinde
390 2250 430 2296 ao
461 2232 487 2295 si
521 2232 714 2312 existerent,
738 2229 884 2313 quamvis
907 2225 1111 2293 nullomodo

230 2336 376 2400 existant.

273 2439 368 2503 Patet
391 2442 535 2523 secondo,
560 2458 624 2505 non
648 2460 723 2506 esse
753 2437 1006 2505 contemnendos
1029 2436 1112 2500 scri-

230 2551 340 2627 ptores
377 2546 534 2629 mysticae
567 2545 779 2628 theologiae,'
798 2542 922 2607 etiamsi
956 2561 994 2605 ea
1028 2559 1111 2622 quae

230 2649 290 2731 ipsi
313 2649 476 2730 scribunt,
511 2667 571 2713 nos
594 2668 657 2713 non
681 2648 900 2731 experiamur:
939 2646 1012 2728 quia
1042 2664 1112 2710 curn

230 2750 314 2816 malti
339 2771 447 2816 eorum
472 2753 535 2816 sint
562 2753 623 2815 viri
656 2752 871 2828 sanctissimi,
903 2755 937 2813 et
968 2749 1114 2813 omnibus

230 2855 400 2919 virtutibus
424 2856 640 2937 ornatissimi,
663 2874 727 2919 non
751 2855 846 2919 facile
869 2853 1042 2938 putandum
1063 2860 1114 2916 est
1239 2916 1241 2920 .

230 2976 286 3023 eos
323 2958 445 3042 decipi,
480 2979 550 3023 cum
585 2960 692 3024 omnia
726 2978 809 3042 quae
840 2958 960 3041 passim
984 2958 1026 3021 de
1047 2956 1115 3021 suis

230 3062 434 3146 experientiis
467 3065 613 3129 scribunt
636 3064 787 3129 facillime
809 3062 880 3127 fieri
903 3069 935 3126 et
959 3061 1114 3145 explicari

230 3165 365 3250 possint.

270 3269 366 3336 Patet
401 3275 509 3352 tertio,
551 3276 639 3334 reete
688 3270 773 3333 hunc
807 3268 935 3333 modum
978 3265 1114 3345 unionis,

230 3379 321 3458 poem
362 3373 604 3458 contemplativi
647 3394 829 3457 supremum
869 3374 901 3437 in
944 3374 1005 3438 hac
1046 3371 1113 3435 vila

230 3485 389 3563 statuunt,
424 3481 499 3563 poni
537 3480 724 3558 distinctum
761 3498 780 3542 a
818 3476 953 3558 ceteris,
990 3483 1025 3540 ut
1062 3476 1115 3559 qui
