2817 4317
266 590 310 661 46

266 781 403 868 praemii
427 779 481 863 vel
507 778 658 862 supplicii
681 778 863 843 meruerint.
908 777 1031 858 Tertio,
1055 795 1152 841 reve·

266 885 351 950 latur
373 883 437 949 illis
454 883 513 947 oei
535 882 654 966 judicis
677 884 846 963 sententia,
870 902 933 966 qua
960 884 1014 948 vel
1040 892 1152 951 aeter·

264 989 315 1053 uis
342 986 527 1072 suppliciis,
562 986 616 1050 val
649 988 790 1052 aeternis
819 987 947 1070 gaudiis
991 987 1152 1054 addicun-

266 1100 326 1158 tur.
371 1092 461 1158 Haec
484 1098 591 1157 autem
615 1092 775 1154 sententia
803 1092 909 1158 fertur
936 1090 1047 1155 diviua
1072 1109 1154 1176 ope·

266 1196 405 1280 ratione,
438 1214 502 1279 qua
530 1196 561 1258 in
590 1201 696 1259 menta
717 1195 876 1261 formatur
898 1204 990 1260 actus
1019 1193 1154 1278 judicii,

267 1300 370 1384 qualis
394 1300 621 1384 conciperetur
643 1318 685 1363 ex
712 1298 877 1364 locutione
900 1305 1036 1365 externa
1061 1298 1154 1382 judi·

264 1407 311 1473 cis
333 1405 516 1471 infallibilis.
562 1402 619 1470 Sic
647 1403 731 1469 euim
768 1405 856 1469 lleus
886 1405 1027 1487 loquitur
1059 1423 1156 1470 crea·

263 1517 360 1575 turae
381 1508 534 1593 spiritali,
558 1528 642 1591 quae
665 1509 761 1574 etiam
784 1510 964 1575 certissima
989 1508 1154 1594 redditur,

265 1614 327 1680 hoc
344 1612 502 1698 judicium
529 1614 705 1700 provenire
734 1615 863 1697 aDeo,
893 1621 927 1678 et
953 1630 1029 1679 esse
1064 1615 1154 1683 illius

266 1718 465 1783 sententiam.
511 1716 680 1796 Quomodo
702 1735 785 1783 vero
808 1718 914 1783 omnia
937 1736 1039 1802 opera
1064 1723 1156 1787 bona

265 1830 298 1888 et
319 1822 403 1887 mala
424 1822 522 1887 menti
545 1822 750 1907 abjiciantur,
773 1830 806 1888 et
829 1824 992 1905 quomodo
1015 1825 1155 1891 videant

265 1946 302 1991 se
324 1927 474 2010 praemio
504 1926 565 1991 vel
583 1944 691 2010 poena
714 1927 842 2011 dignos,
866 1926 942 1990 alibi
965 1926 1074 1991 fusius
1096 1945 1155 1994 ea·

266 2032 428 2115 plicatum.
492 2032 564 2097 lluc
610 2038 712 2097 tutum
749 2031 785 2096 fit
821 2050 883 2114 per
920 2038 1030 2111 actus,
1071 2051 1155 2116 quos

267 2136 354 2202 oeus
386 2136 543 2220 singulari
575 2136 694 2200 influxu
726 2137 757 2200 in
790 2144 894 2199 mente
928 2135 1065 2201 excitat:
1098 2138 1152 2222 qui

265 2239 387 2305 similes
419 2246 494 2303 sunt
524 2238 643 2301 visioni
673 2237 898 2320 imaginariae,
931 2239 985 2304 vel
1021 2241 1154 2307 actibus

266 2343 433 2428 perlectae
454 2342 644 2421 memoriae,
669 2340 786 2423 quibus
810 2343 904 2424 quasi
926 2341 1076 2409 videmus
1097 2363 1153 2411 rea

263 2448 456 2533 praeteritas
480 2465 550 2511 cum
570 2445 636 2509 suis
659 2446 921 2511 circumstantiis.
959 2447 1076 2529 ltaque
1095 2467 1154 2515 ue·

264 2572 327 2636 quo
350 2557 557 2630 accusatore,
589 2568 695 2631 neque
723 2551 860 2615 testibus
882 2550 935 2615 hic
958 2569 1043 2634 opus
1069 2556 1151 2637 erit3

264 2657 339 2741 quia
361 2657 434 2740 ipsa
457 2653 613 2739 cujusque
640 2656 840 2721 conscientia
868 2655 1078 2722 exactissime
1111 2658 1152 2725 de

265 2763 410 2827 omuibus
434 2760 609 2842 accusabit,
635 2769 668 2825 et
688 2761 874 2844 testabitur3
897 2761 994 2844 idque
1014 2761 1049 2826 in
1072 2782 1152 2830 con·

264 2872 379 2949 spectu
411 2865 548 2929 omnium
572 2862 783 2948 Sanctorum,
816 2866 869 2948 qui
901 2865 1015 2929 eadem
1040 2867 1152 2934 omniu

264 2968 353 3035 clare
383 2967 552 3048 videbunt,
588 2975 621 3032 ot
655 2972 868 3034 testabuntur.
915 2968 958 3035 lit
988 2972 1152 3039 credibile

266 3077 316 3137 est
343 3071 479 3138 eandem
508 3072 651 3137 notitiam
679 3074 751 3138 fore
774 3090 902 3156 quoqne
924 3074 955 3137 in
980 3073 1153 3143 daemoni·

266 3178 340 3256 bus,
362 3184 398 3241 ut
419 3175 550 3240 videant
574 3195 667 3259 quam
686 3176 810 3260 justum
832 3178 873 3241 sit
895 3177 955 3242 Dei
974 3175 1152 3261 judicium.

265 3279 348 3346 Nam
370 3279 448 3345 siin
472 3280 525 3344 die
546 3279 739 3345 universalis
760 3280 873 3364 judicii
896 3282 1035 3346 omnium
1059 3286 1154 3353 facts

265 3386 409 3452 omuibus
431 3392 524 3451 erunt
546 3386 733 3467 manifesta,
757 3394 792 3450 ut
810 3383 938 3468 justitia
961 3391 1153 3459 sententiae

260 3485 389 3575 judicia
413 3489 561 3558 omnibus
591 3497 767 3576 appareat,
802 3507 861 3556 our
889 3507 952 3557 nou
984 3492 1090 3562 etiam
1120 3499 1153 3564 lu
