2817 4317
328 388 405 495 232!

328 583 495 646 insinuent.
543 580 610 646 Sed
630 583 704 664 qnia
724 589 841 665 suopte
864 589 942 648 nutu
966 590 1001 647 et
1026 603 1071 647 ex
1104 603 1157 665 te,
1181 584 1206 647 in

328 688 475 767 nihilum,
509 686 593 750 node
626 686 741 750 educta
773 692 860 763 sunt,
882 685 1122 767 ‘propendent‚
1157 705 1207 749 non

327 793 406 854 satis
435 790 547 872 estid
579 790 678 851 semel
713 809 787 853 esse
818 792 953 870 fantum,
986 792 1049 853 sed
1084 790 1208 853 assidue

328 916 421 959 manu
451 907 504 959 tua
535 894 654 973 teneri,
688 904 720 956 et
748 893 969 960 substantifieo
1004 894 1134 957 influxu
1165 904 1208 955 too

329 1001 432 1067 foveri
456 1018 539 1083 opus
562 1000 690 1077 habent,
713 1004 743 1061 ot
761 998 959 1077 beneficium,
985 997 1080 1078 quod
1109 998 1210 1072 semel,

325 1123 396 1168 eum
420 1125 495 1167 esse
518 1103 705 1183 inciperent,
730 1110 945 1183 aeceperunt,
965 1103 1124 1167 omnibus
1149 1122 1210 1167 mo·

327 1210 442 1271 mentis
459 1204 576 1270 ‘rursus
601 1206 771 1287 aeoipiant.
817 1206 909 1270 Sient
930 1207 1062 1287 pondus
1088 1209 1124 1272 in
1143 1214 1211 1273 aire

330 1331 523 1393 suspensum
548 1310 678 1373 assidue
703 1311 805 1374 teneri
829 1310 944 1390 debet,
979 1312 1068 1373 etsi
1096 1313 1154 1376 vel
1175 1312 1211 1376 nd

327 1417 424 1480 ietum
448 1414 531 1477 oeuli
557 1414 733 1477 dimittatur
764 1413 835 1489 sibi,
870 1412 1025 1477 deorsum
1048 1416 1139 1478 ruit:
1173 1416 1211 1477 its

326 1527 394 1584 tota
412 1526 635 1582 'ereaturarum
659 1513 866 1597 universitas,
889 1515 1111 1598 omnipotenti
1137 1515 1212 1582 dox-

327 1630 397 1687 iera
419 1630 473 1684 tna
496 1622 646 1684 eontinne
672 1621 702 1684 in
725 1641 801 1683 esse
831 1628 865 1684 et
886 1627 1000 1684 natura
1023 1624 1137 1686 tenori
1160 1623 1212 1687 de·

328 1731 400 1808 bet3
434 1727 515 1790 etsi
540 1726 592 1789 vel
615 1726 658 1789 ad
680 1734 869 1789 momentum
894 1726 1062 1789 laxaveris
1087 1747 1213 1791 menon

327 1840 431 1910 tuam,
462 1831 569 1894 statim
599 1831 629 1892 in
661 1829 906 1892 nihilum'suom
930 1838 1077 1909 enimet,
1104 1827 1139 1895 ei
1162 1852 1213 1896 ve·

327 1935 373 2010 lut
396 1937 506 1997 umbra
529 1933 654 2015 peribit.

370 2041 468 2120 [nitor
497 2038 661 2102 benedicite
688 2038 795 2101 omnio
822 2055 918 2118 opere
950 2039 1080 2104 Domini
1106 2043 1215 2107 Domi·

326 2164 384 2208 no:
421 2144 545 2207 landate
577 2150 606 2206 et
634 2144 864 2223 superexaltate
901 2161 970 2207 enm
1001 2146 1035 2206 in
1076 2148 1215 2212 soeeoin

328 2249 390 2312 Sed
412 2248 531 2328 qnare?
576 2248 646 2311 Non
670 2249 790 2309 tentem
812 2250 885 2325 noio
903 2248 969 2326 ipse
992 2246 1085 2327 dieii,
1110 2255 1142 2313 et
1166 2250 1215 2332 f-

326 2358 376 2415 ete
398 2358 486 2426 sunt·
516 2356 582 2431 ipse
609 2352 778 2428 mandevit,
807 2358 836 2414 et
852 2357 960 2436 ereata
977 2353 1071 2414 sont:
1096 2371 1216 2433 omni,

327 2461 400 2537 qnia
419 2460 562 2519 contineo
576 2457 657 2531 dieii,
680 2460 709 2518 et
731 2458 875 2520 continno
896 2454 993 2534 finnt·
1016 2458 1097 2535 quia
1118 2459 1217 2525 eonti-

326 2579 388 2623 nno
419 2560 559 2635 mandet,
586 2566 613 2622 et
647 2560 790 2622 contineo
822 2564 977 2623 creentur.
1031 2558 1217 2628 Benedictio

327 2681 398 2744 ereo
438 2666 586 2727 centesies
623 2663 734 2726 millies
767 2668 872 2729 omnia
910 2668 1017 2727 ereata
1053 2661 1217 2745 'nomn

325 2770 398 2847 qnia
419 2772 566 2831 centesies
587 2768 697 2864 mitiies
720 2773 855 2832 omnium
886 2772 1010 2846 creater
1032 2774 1083 2832 esi
1111 2771 1217 2837 Domi

326 2889 395 2935 nes.
440 2869 554 2941 Anien.
