2817 4317
1061 583 1103 651 25

222 777 396 857 sanctitas,
423 775 566 860 justitia,
596 780 656 840 eto.
686 792 751 838 non
781 773 1015 855 aeoidentaria‚
1043 773 1104 837 sed

223 880 458 958 substantialis,
497 886 531 944 et
567 899 628 962 per
664 899 702 943 se
740 880 931 945 subsistens.
975 877 1017 943 lit
1050 878 1104 943 hie

220 986 335 1052 modus
370 984 575 1067 eonoipiendi
608 992 659 1049 est
694 985 930 1067 praestantior,
968 989 1001 1047 et
1032 982 1103 1047 Deo

221 1088 368 1172 dignior,
403 1096 438 1153 ut
470 1087 548 1151 alibi
578 1088 680 1153 insius
710 1089 910 1153 declaratum
941 1097 1008 1169 est,
1038 1096 1104 1151 tum

219 1194 354 1272 ratione,
377 1201 444 1259 tum
458 1191 651 1258 Sanotornm
666 1193 796 1257 Patrum
813 1192 1013 1257 testimoniis
1045 1188 1105 1256 sie

220 1298 303 1361 enim
325 1297 437 1389 divina
457 1296 603 1363 essentia
618 1297 800 1364 formaliter
814 1299 960 1364 eontinet
978 1315 1104 1362 emnem

219 1392 453 1486 perfectionem
476 1401 665 1485 simplicem,
690 1422 753 1469 non
776 1409 897 1469 tantum
914 1403 1104 1467 fundamen·

220 1507 344 1586 taliter,
361 1493 401 1572 et
421 1508 516 1590 ipsae
530 1507 750 1589 perfectiones
765 1509 886 1574 habent
901 1528 938 1571 se
953 1527 1014 1592 per
1035 1524 1104 1571 mo·

220 1611 295 1676 dem
308 1610 517 1691 substantiae,
531 1629 596 1675 non
611 1612 798 1695 assidentis,
820 1613 873 1678 vel
891 1610 1102 1698 proprietatis
1208 1613 1210 1619 '

219 1716 439 1784 meessoriae.

571 1951 757 2010 PRECATIO.

413 2084 471 2150 Ad
494 2082 602 2148 Deum
624 2093 657 2148 et
682 2083 909 2146 Divinitatem.

402 2287 405 2292 Ι
429 2218 471 2272 lix
489 2215 539 2270 lib.
558 2219 584 2273 7.
601 2218 633 2271 de
651 2216 762 2285 Perfert.
781 2225 840 2285 eap'.
859 2216 883 2271 3.

263 2344 312 2409 m
337 2349 366 2410 te
394 2345 507 2410 meede
530 2349 601 2411 vieo
622 2345 682 2425 fide
702 2347 891 2423 instructos,
914 2360 932 2407 o
955 2341 1104 2407 Domine:

218 2454 253 2514 to
281 2448 366 2515 Deos
396 2465 483 2513 meos
512 2466 562 2529 es,
592 2452 621 2513 et
649 2466 712 2514 more
741 2452 789 2512 est
817 2447 908 2512 elios.
954 2446 998 2510 Tu
1020 2445 1106 2511 Dem

219 2570 317 2635 seper
339 2569 445 2618 omem
466 2552 564 2633 Deos,
589 2558 621 2617 to
644 2554 745 2618 ommis
773 2552 942 2616 divinitatis
963 2549 1103 2631 abyssos.

220 2658 282 2738 Aa,
300 2662 337 2721 et
356 2660 468 2739 pictor,
485 2657 641 2737 >adjiciam
662 2672 770 2721 ommes
793 2657 940 2718 virtutum
961 2653 1106 2719 colores?

222 2762 267 2827 To
282 2778 389 2827 ommes
405 2761 631 2843 superexcedis.
659 2760 718 2838 Am,
739 2758 931 2838 etsmipter,
952 2760 1106 2838 rejiciam,

219 2866 367 2948 quideme
380 2866 467 2946 reete,
489 2866 667 2944 indaletium,
691 2859 889 2944 superfluam,
911 2860 1104 2942 impetitum?

221 2970 266 3033 To
287 2971 373 3034 omai
393 2968 623 3051 imperfectione
645 2984 751 3047 mres,
780 2968 865 3030 ommi
886 2968 1105 3047 circumscrip-

219 3075 312 3151 tione,
334 3074 418 3138 ormi
438 3072 629 3152 limitatione,
652 3074 736 3137 ommi
757 3072 897 3135 termine.

273 3175 323 3239 'fn
346 3176 452 3242 ,omnis
480 3176 687 3258 perfeetionis
719 3181 832 3238 auotor
863 3177 897 3237 et
929 3172 1105 3254 exemplar,

220 3284 255 3343 st
276 3278 358 3361 tisis,
379 3288 414 3346 et
435 3286 657 3357 conservator,
681 3296 807 3343 omnem
830 3276 1006 3341 terminans
1029 3273 1101 3339 infi-

218 3385 365 3468 nitatem,
394 3402 519 3449 omnem
547 3381 733 3449 transiliens
757 3381 865 3457 finem,
895 3396 1019 3443 omnem
1044 3378 1109 3443 de·.

216 3484 549 3569 finiens-mensnram,
568 3503 705 3552 omnem·
716 3483 843 3567 fingens
857 3482 1012 3653 speeiem,
1034 3501 1102 3548 orn·
