2817 4317
319 573 383 641 256

319 773 372 829 tae
391 764 486 828 menti
513 771 563 828 est
586 764 808 848 imaginabile:
840 765 924 830 sieut
949 767 1131 832 aeternitas
1156 774 1200 829 tna

321 876 372 933 est
396 869 498 951 prima
522 875 555 932 et
578 869 747 952 originalis
770 856 908 951 duratio,
931 870 1040 933 omnis
1065 871 1200 935 duratio·

320 974 371 1036 nis
401 974 626 1055 nonneptibiiis
658 974 910 1039 fundamentum.
954 975 1076 1057 Neque
1107 976 1203 1040 solun

320 1077 352 1141 in
373 1078 557 1141 immensum
581 1075 736 1156 diffusus,
760 1076 961 1140 intervalium
987 1078 1162 1142 subtendis
1178 1087 1204 1142 et

321 1181 470 1245 extendis
509 1182 712 1243 immensum:
759 1179 819 1244 sed
851 1181 957 1243 etiam.
985 1180 1018 1243 in
1062 1183 1205 1247 omnibus

320 1294 354 1349 et
377 1284 515 1366 singuiis
550 1286 643 1367 hujus
677 1284 819 1348 universi
849 1286 947 1347 rebus
980 1292 1014 1349 et
1048 1286 1149 1367 locis,
1181 1288 1207 1350 in

322 1391 467 1454 omnibus
492 1391 621 1472 punctis
646 1387 904 1470 designabilibus
933 1395 1021 1452 totus
1050 1408 1090 1453 es
1116 1390 1207 1453 nolle

320 1500 401 1573 ntus,
426 1501 512 1556 totns
540 1493 733 1574 completus,
751 1499 837 1556 totns
853 1498 1033 1576 praesens,
1057 1500 1150 1558 totns
1167 1493 1208 1557 in·

321 1598 433 1677 terior,
457 1617 526 1662 num
550 1599 702 1662 universa
726 1583 895 1682 potentia,.
912 1596 1098 1679 snpientia,
1121 1597 1207 1662 boui·

320 1708 401 1779 tate‚
433 1705 619 1785 ueterisque
655 1697 912 1786 perfectionibus
951 1697 1038 1784 tuis,
1075 1710 1114 1768 et
1147 1721 1208 1767 nnn

322 1804 468 1869 omnibus
486 1806 580 1870 donis
606 1813 639 1869 et
662 1807 780 1888 opibus
798 1806 871 1884 tuis,
896 1804 1012 1888 quibus
1028 1814 1210 1872 creaturan

321 1914 406 1971 tuam
431 1912 531 1975 beare
564 1916 596 1973 et
619 1927 742 1973 ornare
762 1920 876 2000 potes.¹
911 1908 1128 1975 haten-intia
1145 1914 1209 1975 ¹ein·

318 2014 395 2094 guia
423 2023 518 2093 intus,
542 2014 674 2079 assidue
691 2014 798 2077 omnia
817 2032 942 2089 ereans,
956 2014 1119 2098 formans,
1136 2033 1208 2081 eon-

319 2137 473 2197 servnm,
505 2129 539 2182 et
561 2127 674 2183 tenens
699 2101 901 2185 intrinsecus.
926 2118 958 2181 in
994 2116 1070 2182 iuee
1109 2120 1207 2202 ipsius

319 2240 411 2298 esse,
444 2240 484 2284 ue
505 2221 536 2282 in
560 2242 637 2285 suas
661 2224 819 2286 tenebras
844 2228 877 2285 et
906 2219 1101 2306 in'nibilum
1124 2223 1208 2287 'rein-

322 2326 451 2405 bantur,
467 2323 558 2387 etad
578 2333 609 2389 te
626 2325 821 2391 convertens
839 2346 897 2408 per
914 2326 1102 2398 instinntum
1128 2319 1208 2391 beni.

363 2425 530 2494 Benedic‘nt
551 2433 592 2509 te,
628 2432 759 2496 Domine
786 2434 991 2505 immensitas,
1014 2427 1056 2495 'et
1082 2449 1208 2515 sunm·

319 2537 440 2597 mineus
459 2534 639 2612 inequitante
662 2540 717 2599 tun
744 2527 920 2623 meabifieet
942 2534 994 2598 te!
1037 2521 1076 2599 Si
1102 2539 1207 2602 uatmn

318 2655 389 2701 meu
408 2654 466 2717 per
487 2637 639 2717 infinitum
660 2642 798 2719 spatium
823 2636 1062 2721 effunduntur,
1087 2645 1208 2722 opturet

318 2746 351 2805 ta
374 2742 504 2821 sinentis
525 2746 648 2821 punctis
672 2744 809 2822 eusdem
832 2744 932 2823 spatii
951 2759 1068 2807 novam
1092 2744 1208 2810 coelun

316 2844 387 2925 fieri
408 2849 587 2911 animarum
610 2846 806 2910 tendentium
828 2852 869 2922 te,
892 2850 922 2910 et
943 2846 1154 2937 quudeutium
1176 2850 1208 2913 tr

318 2950 405 3013 bonis
421 2953 503 3014 ‚tuis
542 2950 615 3020 Jam
634 2969 717 3015 nane
739 2968 810 3015 cum
830 2937 973 3015 omnibus
994 2951 1060 3018 iltis
1083 2956 1206 3037 mnum-

317 3052 390 3133 fieet
412 3056 519 3120 anima
541 3071 613 3120 mea
636 3055 832 3133 Dominum·
849 3060 880 3118 et
904 3047 1026 3119 utinam
1048 3058 1084 3122 in
1107 3065 1207 3124 'ueter-

320 3162 415 3224 aem!
456 3157 569 3223 Amen.
605 3143 608 3148 ’
