2817 4317
317 520 361 590 64

322 738 383 803 per
405 722 531 783 centnm
563 717 691 783 annosi
736 722 886 801 qnantum
918 736 978 802 per
1006 718 1113 802 mille,
1147 738 1205 806 per

318 828 449 889 centnm
483 822 583 887 millia
613 822 794 888 annornm?
846 819 1001 897 Quantam
1039 824 1204 892 tristitiam

317 927 422 993 animo
447 928 657 1012 conciperes,
680 928 710 991 si
745 946 806 1011 per
829 932 956 992 centnm
978 926 1079 992 millia
1102 948 1205 995 annn-

318 1052 388 1098 rnm
418 1032 536 1097 ardere
571 1031 735 1096 deberesi
766 1038 800 1095 at
829 1033 856 1095 si
886 1031 1065 1097 accesserit
1099 1040 1206 1099 aeter-

317 1135 418 1218 nitas,
447 1136 638 1220 supplicium
673 1135 738 1202 bcc
768 1136 830 1200 erit
852 1135 976 1199 infinite
999 1133 1122 1219 majus,
1159 1138 1205 1201 in·

318 1238 408 1305 finite
430 1240 542 1324 pejus,
570 1248 603 1304 et
631 1240 928 1325 incomparabiliter
955 1238 1113 1322 majorem
1139 1242 1206 1307 ani·

318 1362 370 1409 mn
402 1345 563 1410 tristitiam
589 1344 648 1408 tibi
680 1345 794 1428 pariet.
847 1344 972 1421 Quanta
1001 1343 1102 1409 debet
1130 1365 1207 1412 esse

317 1448 447 1514 tristitia
483 1450 539 1513 illa
586 1468 668 1532 qnae
702 1447 1001 1530 incomparabiliter
1030 1447 1142 1532 major
1176 1458 1207 1515 et

319 1552 452 1636 gravior
482 1559 547 1633 est,
579 1570 672 1635 qnam
703 1552 832 1617 tristitia
866 1572 949 1635 qnae
977 1572 1018 1617 ex
1049 1551 1205 1619 incendio

319 1664 446 1721 centnm
459 1656 590 1721 millium
601 1673 755 1720 annorum
768 1656 936 1721 snbeunrln
948 1655 1206 1739 conciperetnrl

319 1760 398 1839 Quis
419 1762 483 1826 ista
514 1760 723 1845 perpendens
751 1778 814 1825 non
838 1760 1094 1844 perhorrescat?
1132 1764 1204 1847 quis

319 1882 382 1929 non
400 1866 550 1949 libenter,
572 1873 713 1932 attenta
729 1864 955 1946 malaevadat,
977 1871 1010 1930 et
1028 1865 1059 1927 in
1084 1884 1204 1933 securo

323 1976 422 2053 portu
443 1988 479 2034 se
505 1970 689 2053 constituat,
712 1971 909 2053 voluptates,
931 1969 1073 2035 bonores
1097 1978 1135 2037 et
1157 1972 1205 2039 di·

321 2074 416 2139 vitias
433 2073 531 2158 bnjns
551 2076 660 2141 mnndi
682 2083 882 2157 contemnat,
911 2082 945 2142 et
966 2083 1092 2143 arctam
1115 2078 1204 2145 saln-

318 2179 358 2242 tis
390 2177 474 2241 viam
503 2179 682 2262 capessat?
713 2178 786 2261 quis
818 2198 972 2244 summam
1004 2198 1070 2245 non
1105 2181 1204 2251 ducat

319 2282 512 2364 fatuitatem,
543 2284 585 2347 ob
618 2302 673 2348 res
709 2289 857 2347 terrenas
889 2290 922 2348 et
958 2291 1203 2362 momentaneae

318 2385 465 2451 immensi
487 2392 520 2450 et
539 2387 664 2452 aeterni
685 2387 759 2452 mali
782 2387 928 2471 periculo
946 2408 983 2453 se
1006 2393 1203 2474 exponerel

362 2489 475 2573 Rogo,
507 2489 657 2574 Domine,
679 2511 741 2575 per
771 2492 923 2557 infinitam
952 2493 1135 2563 bonitatem
1166 2504 1199 2568 sl

318 2594 572 2662 misericordiam
602 2603 704 2675 tuam,
737 2615 797 2679 per
832 2596 945 2661 merita
979 2604 1013 2662 et
1042 2602 1202 2684 mysteri·

318 2700 543 2766 sanctissimae
565 2700 770 2766 humanitatis
795 2710 881 2784 tnae,
899 2707 935 2766 nt
957 2707 1092 2768 avertas
1115 2725 1138 2771 a
1154 2726 1203 2773 nne

316 2806 495 2870 fatuitatem
519 2805 630 2887 istam,
653 2812 687 2871 et
712 2812 849 2872 mentem
873 2825 976 2870 meam
1000 2806 1123 2875 lumine
1146 2816 1201 2876 tm

317 2917 350 2975 et
372 2910 506 2975 salutari
529 2911 688 2993 sapientia
712 2911 888 2977 electorum
917 2919 1042 2977 tucrum
1065 2916 1201 2996 perlue·

317 3014 396 3096 das,
429 3034 493 3097 qna
524 3015 664 3099 peccati,
697 3016 785 3097 qnod
815 3021 906 3081 tanta
934 3014 1201 3087 malnmeretnn

316 3119 509 3204 gravitatem
532 3118 652 3184 clarius
681 3137 902 3203 cognoscere,
930 3127 964 3185 et
985 3120 1142 3189 miserias
1164 3126 1200 3191 il·

315 3223 365 3288 las
387 3224 455 3289 aori
477 3224 674 3305 cogitatione
697 3226 815 3290 crebro
847 3224 971 3307 possim
1005 3228 1199 3311 revolvem

316 3335 352 3393 nt
373 3327 548 3393 salubriter
578 3330 775 3415 expendam,
807 3338 945 3417 quantus
977 3333 1020 3398 sit
1051 3352 1199 3406 oceanus

315 3432 461 3500 malitiae
481 3434 515 3501 in
538 3436 656 3520 quovis
679 3445 819 3521 peccato
843 3437 1027 3522 mortifero,
1058 3459 1105 3507 ex
1135 3460 1198 3529 qno
