2817 4317
265 544 328 612 178

264 737 418 803 Dominus
440 736 514 819 ipse
534 734 618 799 adeo
642 755 714 800 eam
728 735 1002 819 commendasset,
1030 759 1097 802 suni

265 849 324 921 sel,
346 839 482 923 ejusque
506 847 592 903 tanta
616 840 822 921 praebuisset
845 841 941 903 nobis
967 844 1097 926 exempl

306 944 417 1026 ltaque
442 943 648 1007 dubitandum
673 960 735 1004 uon
758 951 818 1023 est,
842 944 918 1024 quin
937 944 967 1006 si
985 945 1097 1025 quislr

264 1050 386 1113 formae
410 1048 636 1131 providentiae
658 1066 695 1110 se
719 1047 835 1127 tradat,
859 1054 891 1109 et
914 1048 1024 1111 veluti
1047 1050 1080 1113 in

265 1174 322 1218 nas
344 1152 415 1237 ejus
439 1172 476 1216 se
499 1150 692 1236 projiciens,
725 1154 766 1215 ab
794 1171 833 1215 ea
855 1171 892 1215 se
915 1152 994 1215 duci
1020 1154 1054 1216 in
1086 1172 1097 1217 r

264 1258 356 1321 nibus
379 1257 471 1335 sinat,
494 1255 578 1317 viam
600 1255 654 1318 ille
673 1256 885 1318 certissimam
909 1257 1097 1339 adipisccnr

265 1361 380 1425 salutis
415 1366 531 1422 teneat.
576 1358 636 1435 Qui
673 1378 753 1422 vero
790 1361 830 1422 ab
854 1378 893 1423 ea
915 1379 953 1423 se
987 1363 1097 1427 subdu

265 1485 324 1529 sua
344 1483 381 1529 se
404 1464 608 1546 providentia
632 1483 750 1545 regere
774 1463 910 1545 volens,
945 1484 1097 1548 magne

265 1570 369 1633 riculo
392 1589 429 1633 se
453 1569 596 1651 exponit,
619 1588 660 1632 ne
682 1569 715 1632 in
737 1570 824 1633 illum
848 1570 1084 1651 providentiae

267 1671 354 1737 oidat
372 1671 535 1752 ordinem,
555 1672 586 1741 iu
609 1691 673 1755 quo
696 1693 716 1736 a
739 1673 844 1738 salute
867 1674 1014 1741 excidat.
1062 1677 1097 1743 fl.

265 1777 348 1841 onim
371 1777 454 1842 ratio
477 1778 517 1840 ab
541 1778 689 1841 omnibus
713 1775 844 1843 Sanctis
866 1778 1097 1866 vituperatur,

265 1881 451 1964 periculosa
474 1880 635 1965 judicatur
658 1882 770 1961 saluti,
794 1884 1000 1965 quantumvis
1021 1887 1055 1950 in
1078 1907 1095 1952 s

266 1987 347 2051 ciem
365 1993 478 2050 sancta
500 1986 649 2050 videatur
665 1996 696 2050 et
711 1989 870 2051 salutaris
899 1987 1026 2053 Extant
1044 2012 1097 2056 exr

264 2091 320 2175 pla
344 2090 480 2174 plurima
502 2107 613 2154 eorum
637 2095 690 2173 qui
713 2094 776 2158 hac
797 2094 851 2155 via
869 2092 1061 2176 perierunt3
1084 2117 1097 2159 r

266 2194 299 2258 la
322 2211 431 2258 eorum
454 2194 508 2276 qui
541 2195 697 2277 perierint
723 2197 801 2278 ista,
829 2205 883 2262 aut
905 2198 1026 2278 quibus
1049 2202 1094 2264 mi

264 2301 348 2364 bene
371 2298 518 2362 cesserit.
564 2298 732 2376 Quomodo
755 2302 836 2365 enim
859 2320 920 2366 non
949 2304 1080 2385 optime

266 2402 324 2466 dat
333 2448 342 2483 ,
375 2402 460 2484 quod
485 2402 613 2485 tuipse
637 2405 787 2485 suasisti,
818 2405 860 2468 ad
887 2406 975 2487 qnod
1011 2407 1097 2473 felic

265 2504 466 2588 dirigendum
491 2513 523 2569 te
546 2508 778 2572 obstrinxistii
823 2508 914 2573 Hanc
945 2530 1032 2594 ergo
1069 2535 1097 2576 v>

266 2610 538 2676 indeclinabiliter
561 2619 705 2692 teneam,
733 2614 818 2679 hano
850 2616 1018 2695 usquead
1043 2629 1097 2683 ext

265 2738 348 2782 mum
375 2719 463 2783 vitae
486 2720 634 2802 spiritum
657 2739 794 2803 sequar,
829 2737 924 2801 quam
947 2726 983 2783 lu
1008 2721 1097 2804 ipse,

266 2824 319 2905 qui
343 2820 466 2905 Spiritu
490 2833 544 2888 tuo
568 2822 687 2906 uitiati,
721 2844 802 2907 prae
831 2822 950 2888 ceteris
984 2843 1096 2892 comm

265 2927 389 2991 derunt.

308 3034 372 3098 Hoc
395 3037 495 3098 omnis
526 3037 693 3115 aequitatis
717 3053 755 3099 ue
776 3036 921 3115 justitiae
940 3034 1023 3097 ordo
1045 3054 1097 3117 por

263 3140 320 3213 lot,
355 3143 389 3202 ol
422 3139 521 3201 omnis
554 3142 661 3201 culmo
688 3136 892 3216 potestatibus
913 3135 1097 3205 sublimiori

263 3242 404 3321 subjecto
426 3245 480 3316 sit,
511 3246 541 3304 et
562 3241 671 3306 reddat
695 3258 773 3320 puae
794 3246 867 3305 suat
890 3240 1047 3307 Caesaris
1074 3245 1097 3309 C

263 3347 341 3422 sori,
364 3349 392 3408 et
417 3360 497 3424 quoe
520 3341 579 3406 Dei
600 3343 673 3408 Deo.
720 3345 850 3409 Omnino
872 3345 954 3422 colo,
973 3355 1008 3413 et
1031 3355 1082 3417 sic

260 3452 309 3513 cet
329 3465 386 3513 nos
411 3447 539 3527 implere
562 3465 683 3513 omnem
699 3454 865 3530 justitium.
912 3450 1036 3519 Amen.
