2817 4317
250 570 448 677 '100-

196 757 203 775 '
323 762 390 826 nias
411 760 615 845 condonans,
648 776 705 823 ecs
728 758 759 821 in
782 758 950 843 pristinum
973 747 1118 842 gradum
1143 782 1210 826 res-

325 868 456 941 tituens,
479 872 511 928 et
532 865 646 928 iterum
668 863 699 925 in
727 864 811 927 titios
837 862 1007 945 adoptans,
1027 864 1112 949 jure
1137 884 1210 932 coe·

324 971 419 1035 lestis
454 969 684 1050 haereditatis,
722 986 785 1052 quc
820 968 1025 1050 exciderant,
1063 970 1209 1035 redinte-

246 1081 255 1087 ”
323 1077 440 1158 grato(
473 1073 564 1140 Sicut
593 1080 688 1157 patei
718 1073 817 1138 titium
848 1072 1021 1155 prodigum
1045 1082 1131 1161 post
1167 1082 1209 1140 tet

321 1178 486 1257 libidines,
520 1185 552 1241 et
568 1193 704 1243 :omnem
727 1178 939 1242 substantiam
962 1179 1209 1260 cummenetri·

322 1284 413 1348 cibus
432 1282 632 1364 absumptam
649 1282 826 1348 laetissime
841 1282 986 1365 suscipit,
1008 1288 1044 1345 et
1065 1270 1112 1346 in'
1128 1284 1209 1367 pris·

321 1388 419 1453 tinum
443 1393 561 1451 statum
584 1389 734 1453 restituit.
1136 1467 1138 1471 y

368 1493 399 1557 3.
423 1491 504 1568 Quia
530 1510 639 1557 omnes
666 1494 698 1556 in
731 1511 931 1575 quacumque
964 1490 1149 1557 afflictione
1163 1490 1208 1557 ‘ab

323 1598 435 1680 ipsum
450 1597 688 1686 confugientes,
715 1598 854 1682 benigne
878 1597 1015 1679 excipit,
1050 1598 1207 1663 consola·

323 1703 443 1766 tionem
456 1699 665 1785 infundendo,
689 1709 722 1767 et
735 1710 918 1787 opportuno
941 1708 1095 1785 tempore
1115 1722 1207 1787 open

313 1806 467 1870 terendo.
512 1805 625 1872 Nullus
657 1810 741 1873 enim
768 1809 906 1891 speravit
932 1809 967 1873 in
993 1805 1152 1889 Domine,
1183 1812 1208 1873 et

319 1898 469 1993 confusus
500 1916 554 1976 est.
598 1908 640 1973 Et
671 1912 810 1993 ipsemet
839 1911 902 1974 ait:
951 1910 1055 1976 Venite
1087 1916 1133 1981 ad
1154 1930 1208 1992 ene,

320 2033 435 2095 omnes,
457 2017 509 2097 que·
531 2015 697 2098 laboretis,
727 2022 757 2083 et
778 2018 901 2081 cemele·
920 2019 1003 2095 eatis,
1023 2020 1056 2081 et
1081 2029 1141 2102 epo
1164 2035 1208 2084 re
1248 2045 1249 2052 ¹

305 2111 425 2202 'fimum
444 2139 508 2185 uus.

365 2226 396 2289 4.
421 2223 502 2301 Quia
528 2242 657 2304 omnes,
689 2226 744 2305 qui
774 2242 811 2287 se
834 2223 906 2307 ejus
930 2223 1093 2307 obsequio
1119 2224 1207 2291 addi·

322 2329 452 2410 xerint7
483 2328 641 2413 peculiari
682 2348 760 2393 cuna
796 2330 932 2412 suscipit
971 2329 1207 2412 protegendos,

323 2433 568 2514 illuminandos,
600 2441 633 2497 et
663 2432 852 2497 formandos
889 2432 920 2496 in
953 2430 1039 2496 filios
1062 2431 1148 2513 Dei,
1181 2438 1208 2497 et

324 2539 367 2603 ad
394 2535 518 2603 omnem
541 2538 792 2621 perfectionem·
809 2545 878 2620 qua‘
893 2536 964 2600 Deo
987 2553 1085 2617 quam
1111 2536 1207 2603 sinit·

233 2726 235 2731 Ι
318 2643 390 2707 tini
412 2640 587 2725 intellectu,
610 2643 745 2722 affectu,
768 2649 801 2706 et
822 2641 966 2705 monibus
989 2642 1143 2707 externis
1167 2642 1207 2707 ei·

324 2747 486 2827 beiantur‚
510 2748 638 2827 sintque
660 2765 754 2828 quam
777 2749 914 2812 maxime
936 2744 1046 2810 idonei
1072 2745 1206 2815 coelesti

322 2851 515 2917 haereditati
537 2850 774 2936 capessendae.
1119 2827 1125 2846 x

273 2993 274 3000 κ
367 2957 397 3022 5.
420 2954 501 3032 Quia
528 2957 638 3038 justos
669 2976 709 3018 ex
742 2956 803 3017 bac
833 2952 903 3017 vita
933 2952 1118 3034 migrantes
1135 2974 1207 3020 sne·

310 3061 402 3145 'cipit
423 3062 453 3123 in
478 3080 569 3123 sunm
593 3079 735 3141 regnum,
758 3067 790 3125 et
813 3058 855 3122 ad
869 3058 994 3141 gloriae
1017 3078 1118 3143 suae,
1140 3059 1206 3127 'cm-

322 3167 473 3246 niumque
515 3165 667 3228 bonorum
702 3182 832 3228 suanum
863 3164 1086 3228 beatissimam
1124 3184 1206 3231 con·

322 3270 511 3334 munionem.
556 3268 673 3332 Psalm.
698 3266 770 3333 118.
815 3268 945 3350 Scseipe
965 3268 1016 3334 me
1038 3272 1206 3338 secundun

321 3374 473 3455 eloquium
494 3378 595 3453 teum,
627 3376 657 3436 et
672 3374 789 3452 'vicena
822 3375 851 3436 et
874 3388 936 3435 non
959 3371 1146 3456 censendas
1166 3388 1206 3441 stt

321 3477 361 3542 ab
384 3480 595 3559 expectatione
616 3495 694 3543 mee.
721 3553 725 3558 ¹
1134 3485 1136 3492 '
