2817 4317
261 569 304 638 32

261 765 381 830 formes
412 759 608 842 elfiuientnr‚
638 761 741 825 instar
772 761 947 826 divinitatis
969 760 1145 841 fulgentes.

261 866 395 931 Tantum
427 865 510 928 enim
540 866 657 932 bonum
684 873 735 929 est
766 866 934 948 divinitus,
970 871 1005 928 nt
1038 864 1145 948 ipsam

262 971 396 1048 viderer
409 990 519 1036 amare
542 977 576 1035 et
601 977 734 1051 gustare
753 970 797 1034 sit
821 991 943 1036 summa
959 976 993 1035 et
1011 977 1146 1034 aeterna

261 1075 377 1158 gloria.
1092 1152 1094 1156 Ι

307 1177 458 1243 Christus
497 1180 593 1243 etiam
630 1178 748 1244 dieitur
780 1178 881 1259 pluria
911 1183 1019 1242 nostru
1048 1179 1147 1241 meri·

261 1284 361 1366 torie3
385 1285 459 1367 quia
475 1285 577 1392 opinis
594 1283 699 1365 gloria
714 1290 828 1347 nostra
846 1282 879 1344 in
894 1281 996 1364 ipsius
1011 1282 1146 1364 meritis,

265 1396 425 1471 tamquam
448 1388 479 1452 in
503 1407 601 1452 nausa
623 1385 864 1466 fecundissima,
886 1387 1082 1468 continetur,
1113 1398 1148 1452 et

264 1514 307 1557 ex
339 1493 402 1557 illis
431 1493 463 1555 in
492 1512 551 1556 nos
583 1497 762 1574 promanat.
806 1489 919 1554 Potest
949 1492 1043 1553 etiam
1072 1492 1147 1573 ipse

261 1596 333 1662 *diui
364 1597 470 1679 gloria
500 1603 611 1660 nostra
642 1595 734 1678 quasi
764 1594 958 1676 formaliter3
988 1602 1148 1676 quatenns

268 1710 319 1765 est
339 1708 437 1784 eaput
459 1707 618 1781 nostrum,
648 1707 681 1763 et
700 1716 761 1764 nos
785 1698 857 1781 ejus
879 1701 1038 1763 membra:
1061 1700 1149 1764 sient

267 1808 362 1870 beata
377 1804 482 1887 Virgo
508 1804 625 1871 dieitur
647 1802 755 1885 gloria
778 1803 931 1868 eoelestis
945 1803 1149 1886 Jerusalem3

265 1917 297 1973 et
321 1910 431 1976 Jndith
451 1909 556 1992 gloria
579 1908 764 1975 Jerusalem
788 1910 962 1973 terrestris,

605 2127 794 2183 PRECATIO.

421 2255 469 2319 Au
488 2254 597 2335 Deum,
620 2260 654 2319 nt
676 2259 724 2351 ert
743 2255 843 2335 pluria
860 2261 978 2319 nostru.

261 2396 315 2446 Pru
335 2396 408 2445 felici
427 2401 547 2464 certaque
567 2396 824 2463 praedestinatione,
844 2400 870 2443 et
889 2394 1016 2444 electione
1035 2396 1070 2444 ad
1089 2398 1149 2462 glo-

590 2484 654 2533 rium
673 2488 813 2533 aeternam.

462 2601 502 2654 Ex
520 2602 618 2673 Dispnt.
637 2602 669 2656 de
686 2577 819 2656 rraeueuss
836 2606 904 2655 sect.
925 2605 949 2658 7.

306 2726 466 2796 Exaltabo
487 2739 535 2813 te,
557 2729 645 2807 Dens
666 2750 756 2792 meus
779 2729 864 2811 Rex,
895 2739 928 2796 et
951 2733 1147 2800 benediuam

263 2834 381 2898 numini
406 2842 460 2899 tuo
481 2837 513 2899 in
535 2834 705 2914 saeculum,
728 2842 762 2898 et
777 2835 809 2898 in
824 2836 988 2902 saeculum
1011 2841 1148 2906 saennli.

263 2938 328 3003 Per
357 2940 504 3021 singulos
534 2940 604 3006 dius
633 2938 821 3003 benedicam
844 2941 914 3020 tibi,
946 2949 979 3004 et
1002 2942 1147 3011 laudabo

263 3060 378 3106 numen
403 3052 490 3108 tunm
512 3044 544 3107 in
568 3044 746 3124 saeculum,
770 3054 803 3107 et
825 3045 857 3108 in
878 3046 1044 3110 saeuulum
1069 3068 1147 3113 sae·

264 3145 346 3229 uuli;
371 3148 447 3230 quia
470 3148 509 3210 ab
533 3156 666 3213 aeterno
691 3148 833 3213 dilexisti
855 3168 926 3229 nos,
948 3157 981 3214 et
1004 3170 1149 3236 praepa-

263 3252 344 3315 rasti
365 3253 459 3316 nobis
474 3271 607 3334 regnum
631 3259 728 3333 tunm,
751 3262 785 3315 et
804 3255 998 3318 consortium
1015 3255 1148 3336 gloriae

263 3362 347 3419 tuae.
391 3355 530 3438 Elegisti
559 3373 619 3418 nos
648 3354 680 3418 in
709 3356 794 3420 Filio
823 3364 897 3420 ante
928 3358 1035 3421 mundi
1065 3379 1148 3427 uon·

263 3459 471 3542 stitutionem,
495 3466 528 3525 et
541 3458 574 3523 in
589 3458 797 3541 adoptionem
812 3459 948 3551 filiorum
964 3481 1025 3545 per
1038 3465 1148 3547 ipsius
