2817 4317
1084 574 1146 643 165

265 768 414 832 omnibns
437 742 516 831 lines
539 766 734 849 praestituit,
757 784 874 830 causas
897 767 1082 845 destinavit,
1113 774 1146 832 et

265 874 372 937 omnia
407 892 490 953 quae
514 873 561 935 uei
585 871 700 953 ouique
724 877 805 935 sunt
820 888 963 952 congrua
991 871 1145 956 providit.

262 975 298 1039 ln
335 968 391 1038 illa
414 976 520 1039 omnia
552 964 634 1037 haee
656 994 697 1037 ex
719 975 872 1057 antiquie,
903 984 936 1039 et
958 978 1145 1060 priusquam

262 1089 351 1143 terra
374 1078 482 1158 fieret,
506 1079 695 1160 eonstituta,
717 1079 771 1142 nbi
795 1082 889 1142 etiam
913 1079 995 1144 ordo
1019 1085 1145 1163 tempo·

261 1203 334 1248 rum
357 1184 427 1247 sine
449 1191 597 1268 tempore
620 1190 685 1263 est3
724 1182 980 1265 necquidquam
1003 1184 1046 1252 ibi
1069 1185 1147 1248 novi

262 1288 427 1367 oeourrit,·
453 1286 507 1349 ubi
530 1292 604 1348 ante
626 1284 731 1347 omnia
754 1290 903 1367 tempora
925 1286 1031 1350 extitit
1053 1284 1147 1367 quid·

263 1390 344 1475 quid
366 1409 426 1475 pro
449 1397 628 1473 temporum
651 1388 811 1453 varietate
843 1389 875 1452 in
898 1390 1003 1456 luoem
1026 1390 1147 1473 premi·

262 1502 331 1559 tur:
353 1495 551 1559 mutabilium
574 1494 656 1557 enim
680 1492 926 1575 dispositionem
942 1493 1146 1559 immutabilis

261 1598 322 1662 illa
345 1599 429 1662 ratio
453 1599 604 1676 eontinet,
626 1596 679 1659 nbi
702 1597 772 1659 sine
788 1602 936 1681 tempore
950 1598 1048 1661 ¹simul
1063 1604 1148 1679 sunt,

262 1703 403 1785 quaein
427 1709 575 1786 tempore
598 1717 662 1765 non
685 1699 779 1763 simul
801 1700 903 1782 liunt3·
921 1703 995 1784 quia
1021 1710 1147 1786 tempo·

261 1828 301 1871 ra
324 1824 388 1870 non
411 1805 506 1870 simul
528 1813 672 1870 ourrunt.
716 1806 764 1869 lbi
785 1806 983 1870 mutabilium
1007 1806 1146 1871 omnium

261 1909 477 1975 immutabiles
501 1916 586 1973 stant
610 1927 746 1987 eaesae,
769 1918 801 1971 et
824 1909 961 1974 omnium
983 1918 1147 1993 tempora·

261 2016 342 2080 lium
358 2021 519 2078 aeternae
543 2013 652 2078 luoent
673 2012 828 2093 rationes,
851 2019 885 2075 et
907 2015 1045 2086 omnium
1068 2031 1147 2079 oon·

261 2118 453 2201 tingentium
477 2118 562 2181 fixae
597 2126 671 2181 sunt
693 2118 902 2183 necessariae
936 2116 1082 2198 radiees,
1115 2122 1149 2180 et

260 2223 402 2296 omnium
426 2223 587 2303 agentium
604 2241 646 2288 ao
661 2221 887 2306 operationum
900 2218 1034 2284 stabiles
1050 2238 1147 2303 prae·
1220 2250 1222 2253 ·

263 2328 412 2409 seriptae
434 2326 544 2408 leges,
581 2333 615 2390 et
643 2325 847 2391 determinati
869 2322 966 2388 fines'
1006 2322 1056 2389 lbi
1077 2321 1147 2387 oui·
1177 2351 1179 2358 ·

266 2450 331 2513 que
352 2447 414 2515 pro
436 2430 558 2494 meritis
572 2430 660 2495 salus
680 2430 853 2495 constituta
872 2427 925 2492 vel
943 2427 1073 2492 exitium
1089 2428 1149 2492 de·

266 2544 356 2601 orato
378 2534 481 2616 firmo,
497 2534 672 2616 indelebili,
686 2532 905 2613 irrevocabili,
925 2533 1044 2596 tabulis
1054 2531 1148 2614 plus!

265 2661 361 2724 quam
399 2640 610 2705 adamantinis
644 2640 759 2705 ineiso.
801 2638 852 2702 lbi
876 2622 988 2703 extant
1013 2635 1149 2701 deorota

265 2755 307 2811 et.
322 2746 504 2811 sanctiones
527 2744 569 2808 de
594 2747 691 2809 rebus
714 2744 870 2822 omnibus,
893 2741 935 2807 de
959 2760 1069 2806 earum
1092 2758 1146 2805 or-

265 2859 303 2917 tu
317 2858 358 2915 vet
379 2868 568 2934 progressu,
590 2849 806 2913 lunationibus
834 2854 867 2909 et
889 2845 1025 2923 edentis,
1049 2863 1147 2908 even·

266 2958 314 3023 tis'
332 2966 365 3021 et
387 2956 535 3037 interitu,
573 2956 689 3036 quibus
712 2952 929 3034 temporibus,
967 2948 1148 3029 momentis,

267 3061 367 3141 loeis,
390 3061 515 3141 oausis,
550 3076 613 3141 quo
636 3057 751 3122 ordine
774 3065 808 3120 et
828 3053 924 3121 modo
946 3053 1058 3118 borum
1081 3051 1149 3115 sin·

267 3167 346 3250 gula
368 3174 440 3230 sunt
458 3167 575 3230 lutura,
597 3192 605 3201 ·
