2817 4317
321 570 384 640 262

320 763 501 828 funduntur.
546 760 717 843 Effeotivo‚
740 768 899 845 quotanus
919 762 993 845 ipso
1018 770 1073 829 ost
1096 772 1201 830 auctor

321 868 450 932 luminis
480 867 624 949 gloriae,
657 885 722 951 qno
753 865 854 931 Doum
888 866 978 932 olata
1013 868 1147 947 vident,
1176 877 1203 932 ot

320 972 450 1038 habitus
485 970 670 1052 eharitatis,
709 989 773 1053 quo
809 970 897 1035 illum
928 991 1053 1037 summo
1094 982 1203 1039 amant

323 1074 405 1140 Hino
440 1075 522 1139 onim
554 1076 700 1158 seqnitur
731 1074 808 1138 illud
832 1073 986 1157 gandium
1018 1085 1053 1142 st
1075 1077 1204 1144 immon·

320 1199 357 1244 oa
394 1180 450 1244 ilia
484 1178 660 1243 delectatio
692 1178 735 1243 da
764 1178 856 1243 bonis
887 1177 964 1259 Doi,
999 1198 1061 1245 ssu
1095 1188 1204 1263 gustas

320 1287 435 1350 beatus
457 1283 544 1348 iliius
566 1281 741 1346 immensae
764 1281 943 1347 suavitatis.

362 1387 392 1451 4.
415 1384 495 1463 Quia
529 1383 602 1467 ipso
636 1383 696 1447 sibi
731 1384 794 1466 ipsi
827 1390 878 1448 ost
906 1383 1031 1448 infinita
1055 1384 1205 1465 duioado,

320 1496 385 1554 tam
408 1487 582 1571 objectiva,
605 1494 670 1550 tum
690 1487 879 1552 formaliter.
923 1487 1114 1573 0bjsotivo‚
1135 1492 1206 1573 qnia

324 1594 397 1675 ipso
417 1599 467 1655 est
491 1589 653 1674 objectum
677 1590 822 1661 infinitae
851 1590 1053 1674 duioodinis,
1090 1594 1125 1658 in
1149 1612 1205 1677 qno

323 1676 415 1758 omne
440 1687 554 1773 dolos,
577 1701 610 1757 et
634 1692 828 1760 delectabile
852 1682 1114 1771 eminentissimo
1134 1715 1173 1763 oo

325 1800 451 1862 tinetas.
495 1796 708 1878 Formalitor‚
743 1798 819 1879 qnia
840 1798 913 1881 ipso
936 1799 978 1863 da
1001 1819 1040 1864 so
1062 1719 1205 1885 ipso-fi

186 1988 191 1996 ι
325 1900 414 1965 finite
436 1900 559 1983 gaudet
582 1907 616 1964 at
639 1899 840 1982 deleantur,
871 1910 905 1965 at
936 1902 1086 1985 seipsum
1103 1975 1107 1984 ,
1122 1924 1204 1972 oon-

322 2006 519 2087 prehonsivo
541 2003 702 2087 videndo,
737 1998 825 2069 a's‘a
858 2004 931 2088 ipso
957 2003 1120 2073 infinitam
1152 2007 1204 2072 do·

323 2107 541 2189 lactationem,
563 2116 596 2172 at
619 2108 773 2179 infinitum
796 2109 948 2192 gaudiam
972 2103 1111 2177 haurit
1133 2111 1204 2189 Inoo,

325 2213 396 2295 ipso
416 2219 480 2277 ¹ost
507 2212 648 2278 infinitus
679 2208 770 2277 amor'
801 2220 835 2278 at
855 2203 1020 2279 infinitnni
1043 2216 1202 2298 gaudium,

323 2316 365 2380 de
387 2336 424 2381 ss
446 2317 537 2399 ipso,
559 2323 594 2380 nt
616 2318 664 2381 sio
686 2318 822 2400 loquar,
854 2325 1060 2400 oonoaptnm.
1089 2321 1202 2387 ··Prao·

322 2427 372 2485 tar
394 2422 454 2485 hos
476 2420 610 2501 modos,
643 2421 743 2487 Jasus
767 2408 884 2487 dioitor
905 2422 1034 2504 omacio
1067 2427 1202 2493 cordam

319 2524 351 2587 in
374 2522 483 2600 anito
510 2523 711 2589 nobilissimo
741 2523 776 2589 Β.
799 2523 976 2605 Harmodi,
1008 2526 1111 2591 otiam
1141 2547 1201 2596 mo·

320 2628 447 2692 nitoris:
483 2628 558 2711 qnia
583 2630 745 2712 passionis
768 2626 1116 2710 suasamaritndino,
1146 2640 1200 2696 nos

318 2731 360 2794 ab
381 2737 534 2795 aeternae
559 2731 773 2797 damnationis
802 2731 1018 2797 amaritudine
1042 2727 1200 2815 liberavit,

319 2842 353 2900 ot
373 2835 414 2898 ad
438 2843 603 2900 aeternam
634 2821 852 2919 infinitamque
885 2835 1098 2933 dulcedinem,
1126 2840 1201 2906 divi·

319 2958 380 3004 nae
403 2939 530 3023 glorias
553 2939 705 3006 traduxit.
763 2990 765 2993 .
