2817 4317
269 564 321 634 9,

268 755 395 839 pennati
416 752 592 836 mortiferi;
617 758 693 818 tuno
721 751 803 816 enim
826 757 947 817 stamus
972 753 1016 818 ud
1042 774 1096 841 poi

268 858 380 940 inferi,
411 864 444 922 et
478 856 558 921 nihil
581 855 621 920 ad
647 854 882 921 damnationem
906 866 1082 926 aeternam

268 970 396 1046 pereat,
428 949 579 1044 quam'ut
603 959 690 1034 Deos
710 958 924 1046 justissimam
953 962 1041 1029 iram
1066 986 1096 1031 si

268 1081 440 1150 erumpere
472 1066 686 1149 gestientem,
718 1082 782 1128 non
806 1065 974 1147 cohibeat,
1004 1069 1096 1135 veli

266 1169 372 1236 bolum
404 1187 465 1234 nos
494 1168 646 1250 abripere
672 1166 850 1250 ardentem,
891 1177 1095 1238 non'ooere

268 1274 320 1355 vel
341 1292 459 1341 naneae
490 1272 574 1337 alias
602 1278 731 1337 areatas
762 1282 899 1339 mortem
924 1274 1019 1352 nobis
1045 1278 1096 1343 iila

264 1398 321 1443 ras
344 1397 406 1442 non
441 1378 597 1442 avertat
622 1376 743 1443 Verum
770 1376 843 1460 ipse
865 1374 987 1442 infinita
1008 1379 1096 1446 olem

265 1483 312 1547 tia
333 1487 443 1547 suaet
465 1482 545 1546 iram
568 1499 659 1548 suam
685 1481 833 1562 oohibet,
863 1482 928 1547 vim
951 1480 1096 1566 diaboli(

266 1585 456 1668 oomprimit,
479 1591 513 1649 et
535 1602 653 1650 oaueas
677 1584 768 1665 alies,
791 1585 877 1652 node
908 1603 995 1651 mors
1028 1586 1096 1653 alio

266 1688 361 1755 nobis
400 1688 584 1771 obveniret,
631 1707 864 1771 saepenumero
903 1689 1041 1771 avertit,
1092 1694 1096 1755 i

267 1789 363 1861 modo
386 1810 446 1857 nos
468 1810 487 1856 e
510 1790 715 1858 damnatione
747 1799 925 1875 protegens
953 1800 987 1857 et
1009 1814 1095 1861 serv

265 1892 308 1958 ad
326 1894 553 1977 poenitentiam
576 1914 623 1984 ao
638 1896 783 1963 satutem.

308 2000 339 2065 4.
362 2000 435 2065 Non
450 2000 554 2065 solum
569 2020 589 2065 a
602 2001 747 2083 peeoatis
770 2007 803 2064 et
822 2000 1026 2082 damnatione
1042 2013 1096 2070 aet

266 2125 317 2187 ua,
340 2106 399 2193 sed
423 2106 517 2169 etiam
539 2106 580 2168 ab
603 2104 676 2173 aliis
698 2104 871 2169 innumeris
902 2103 1096 2173 oalamitntii

268 2210 511 2286 afflietiouibus,
550 2207 794 2287 tentationibus,
830 2209 1045 2273 incommodis
1088 2233 1096 2275 r

266 2313 423 2397 protegit,
446 2312 483 2374 in
501 2330 584 2393 quae
607 2309 677 2377 siue
698 2310 803 2401 ipsius
829 2313 970 2396 benigna
994 2322 1095 2379 ousto

265 2415 619 2498 eramusprolapsuri,
649 2422 682 2479 et
709 2434 769 2499 per
791 2434 875 2496 quae
897 2416 928 2480 in
954 2417 1045 2481 varia
1072 2440 1095 2503 p

203 2599 204 2602 Ἴ
266 2519 357 2603 nata,
380 2539 429 2592 ‚eo
451 2517 577 2585 demum
598 2518 629 2581 in
652 2525 817 2609 ueternum
837 2520 988 2600 exitium,
1017 2542 1096 2589 eran

265 2624 471 2697 devolvendi.
514 2623 592 2705 Ipse
612 2624 694 2689 enim
727 2615 908 2689 certissime
930 2626 1036 2707 novit,
1071 2648 1095 2711 q

168 2779 173 2794 .
265 2750 307 2795 ex
329 2727 465 2811 singulis
487 2723 681 2811 hujusmodi.
706 2731 834 2795 casibus
857 2730 949 2795 nobis
973 2738 1067 2794 esset
1092 2758 1096 2791 ι

265 2840 448 2898 ventorum:
464 2831 540 2915 quid
554 2831 678 2927 animae
693 2842 826 2898 nostrae
841 2834 980 2913 exitium,
997 2834 1080 2915 quid

266 2939 363 3010 intem
387 2943 478 3006 esset
498 2936 676 3001 allaturum.
720 2934 813 3001 Unde
842 2956 882 3001 ea
905 2956 993 3018 quae⁴
1012 2957 1096 3019 prae

264 3039 320 3106 det
337 3042 444 3107 fotura
462 3038 635 3122 aliquando
658 3037 768 3121 exitio,
791 3039 984 3122 saepissime
1009 3045 1096 3106 suai

241 3145 418 3228 ‚nignitate
437 3133 563 3210 avertit.
607 3142 720 3225 ltaque
743 3142 785 3208 de
814 3144 874 3210 bis.
888 3144 1037 3210 omnibus
1061 3167 1096 3231 qr

263 3238 553 3332 tidieiuisgratiae
575 3247 732 3331 agendae.
761 3247 762 3252 ’

288 3354 336 3424 -5,
357 3354 441 3431 Quia
467 3351 576 3437 justos
607 3352 762 3434 peculiari
782 3346 861 3416 eura
890 3353 1044 3435 protegit..
1060 3362 1096 3418 ta

261 3474 356 3541 quam
386 3456 488 3539 filios,
516 3463 549 3521 et
579 3456 739 3524 haeredes
769 3455 879 3539 regui3
911 3455 971 3520 sed
1002 3458 1093 3522 maxi
