2817 4317
520 779 699 941 inerms
722 853 879 939 rnuns.
951 873 954 878 ·

268 1217 271 1222 Ι
356 1115 690 1203 consummans
713 1115 797 1189 run
814 1114 1045 1197 amoenum

551 1254 612 1301 PRO
629 1252 862 1301 uiolentissimus·

587 1403 701 1467 ACTUS
723 1401 824 1467 ulum

587 1542 820 1610 Documentum.

313 1682 352 1748 ur
365 1683 434 1763 ouis
447 1698 503 1765 por
518 1679 611 1746 Viam
622 1680 830 1764 Purgativanr
843 1684 973 1749 accedat
988 1682 1153 1766 addeum,

264 1791 351 1852 reeta
374 1806 413 1854 oc
435 1790 580 1855 distincta
602 1791 732 1870 oestioio
753 1790 896 1868 assonat
911 1787 1150 1853 oecumenicum

268 1891 438 1958 Concilium
456 1894 667 1959 Tridentium
682 1890 775 1956 Sess.
791 1891 819 1957 6.
841 1892 882 1955 de
897 1889 1148 1974 iustificatione,

265 2013 337 2078 oap.
360 1994 389 2062 6.
411 1998 549 2081 Requirit
570 2000 725 2082 imprimis
738 2002 842 2062 actum
863 1996 942 2077 fidei.
960 1995 1149 2079 Disponnn·

265 2106 326 2177 tur,
349 2104 403 2181 uit,
425 2102 468 2167 ad
485 2104 589 2186 ipsam
601 2103 769 2187 iustitiam,
793 2102 867 2166 dnm
884 2101 1016 2167 excitati
1032 2100 1149 2166 divina

264 2204 387 2287 gratie,
416 2215 448 2269 et
476 2205 597 2290 adjuti,
627 2192 725 2271 tidem
753 2225 794 2270 ex
823 2205 934 2270 auditu
956 2204 1149 2287 concipian-

265 2316 325 2392 tes,
348 2309 452 2374 libere
474 2318 644 2376 moventur
666 2311 698 2375 in
723 2311 839 2391 Deum,
869 2309 1041 2375 eredentes
1065 2329 1150 2374 vara

266 2433 350 2496 esee,
374 2433 457 2498 quae
480 2415 633 2482 divinitus
649 2416 805 2496 revalata,
828 2420 860 2480 et
879 2414 1040 2501 promissa
1062 2422 1151 2479 sunt.

262 2519 302 2586 Et
328 2519 432 2602 infra:
463 2520 518 2600 ue,
545 2521 609 2586 hae
645 2521 862 2605 dispositione
892 2519 1046 2602 seriptum
1077 2526 1150 2584 est:

266 2621 487 2689 Aecadentem
504 2625 547 2690 ad
560 2625 673 2708 Duum,
696 2631 826 2708 oportet
845 2624 979 2690 eredere
998 2623 1152 2705 quiesse,

266 2736 300 2793 et
318 2728 405 2812 quod
428 2729 663 2812 inquirentibus
686 2750 723 2794 se
738 2736 960 2793 remunerator
975 2728 1025 2792 sit.
1048 2727 1150 2793 Hebr.

267 2830 317 2900 11.
356 2834 408 2899 tto
437 2836 656 2902 tridentinum.
710 2835 748 2901 Ut
783 2840 886 2901 autem
914 2834 1040 2913 medos,
1071 2832 1152 2915 qnia

263 2943 328 3022 ast,
351 2940 469 3003 seruire
495 2942 608 3021 poterit
635 2939 842 3004 consideratio
867 2935 909 2999 de
931 2936 1001 3001 Deo
1030 2943 1063 2999 et
1095 2935 1149 2999 di·

263 3040 413 3105 vinitate:
436 3042 509 3106 item
531 3042 573 3105 da
596 3041 670 3125 ipso
694 3047 825 3104 essaei
847 3039 900 3121 qui
926 3045 985 3103 est.

311 3145 349 3211 dr
368 3144 478 3211 deindo
506 3145 631 3224 crodos,
660 3142 748 3227 quod
776 3142 1007 3225 inquirentibus
1030 3162 1067 3205 se
1090 3164 1147 3208 re·

262 3255 447 3314 munerator
469 3246 529 3328 sit,
549 3246 623 3313 usui
651 3263 720 3312 osse
739 3248 852 3327 noterit
870 3247 1079 3311 consideratio
1103 3247 1149 3313 de

262 3353 343 3435 Deo,
366 3361 400 3419 ut
422 3357 474 3416 est
496 3350 583 3415 salua
607 3357 736 3415 nostra:
766 3354 839 3416 item
862 3350 904 3415 da
925 3350 1012 3431 Deo,
1034 3357 1069 3414 ut
1093 3362 1147 3418 est

263 3456 370 3541 gloria
390 3461 519 3522 nostra:
548 3458 621 3522 item
651 3455 693 3521 de
715 3455 908 3520 aeternitate
930 3453 999 3519 Dei.
1044 3453 1147 3537 loitm
