2817 4317
1089 577 1153 651 157

262 769 368 853 ipsam
392 766 452 833 Dei
475 766 723 833 immensitatem
755 766 839 830 intra
859 786 899 831 se
922 768 1040 852 capiat.
1084 767 1174 834 Hae

266 873 399 938 ratione
427 891 576 973 magnam
599 874 697 937 habet
719 891 789 937 eum
816 873 885 940 Deo
916 873 1155 937 similitudinem

263 990 428 1059 tamquam
452 976 539 1040 lilius
563 975 618 1041 vel
644 976 710 1040 lilia
729 995 800 1041 uum
816 986 960 1060 parente.
1005 976 1156 1059 Accedit,

267 1079 355 1162 quud
378 1080 464 1143 sieut
487 1078 576 1143 Deus
603 1086 716 1162 potest
737 1078 859 1143 infinita
889 1098 1002 1144 meare
1025 1080 1154 1143 inesse

265 1191 417 1263 naturae,
439 1183 485 1245 ita
507 1201 597 1245 mens
616 1190 728 1265 puteat
743 1181 863 1247 infinita
888 1202 1001 1249 meare
1024 1185 1056 1246 in
1079 1203 1155 1247 esse

265 1288 476 1371 intelligibili,
500 1286 692 1352 infinitarum
725 1307 831 1352 rerum
855 1296 1033 1370 eunueptus
1064 1288 1095 1349 in
1118 1306 1155 1350 se

260 1392 446 1472 formando,
469 1412 531 1475 per
552 1410 633 1474 ques
655 1396 708 1456 nes
731 1392 807 1456 illae
828 1392 990 1474 quoddam
1010 1410 1086 1457 esse
1105 1390 1154 1454 iu·

267 1496 439 1578 telligibile
472 1504 504 1560 et
534 1495 732 1579 objeetivum
769 1498 801 1560 in
836 1504 941 1560 mente
979 1495 1151 1578 aueipiunt.

266 1600 359 1668 Haeo
382 1600 487 1664 omnia
512 1600 617 1683 ipsius
639 1602 904 1681 immensitatem,
939 1608 973 1663 et
1004 1599 1173 1669 similitu·-

266 1692 374 1769 dinem
397 1723 469 1767 uum
491 1702 768 1784 Deoinsiuuaut,
799 1705 926 1769 ratione
954 1702 1047 1786 cujus
1085 1722 1152 1767 me·

262 1810 330 1879 nito
353 1809 439 1873 Deus
462 1813 680 1890 paternoster
702 1807 767 1873 diei
790 1815 908 1889 potest
954 1805 1011 1871 Sie
1034 1808 1152 1869 Dente·
1179 1805 1181 1809 '

240 1898 336 1975 ''ren
360 1909 420 1974 32:
465 1910 622 1991 Numquid
644 1928 706 1973 non
733 1914 801 1991 ipse
823 1915 869 1975 est
889 1916 982 1992 putet
1011 1914 1083 1974 tuus
1102 1912 1154 1989 qui

217 2020 221 2026 '
266 2018 404 2100 possedit
421 2024 458 2095 te,
480 2015 609 2098 olfecit,
632 2022 661 2081 et
682 2019 799 2081 creavit
817 2015 869 2079 te?

310 2120 341 2185 2.
363 2118 489 2183 Dieitur
506 2126 598 2201 puter
619 2115 725 2184 noster
746 2119 778 2181 in
802 2118 949 2182 oratione
977 2112 1154 2195 Domiuiea,

218 2218 222 2232 '
267 2231 314 2288 et..
324 2222 446 2307 passim
471 2223 502 2286 in
538 2224 871 2303 novo‘Testamente,
900 2222 1025 2286 ratione
1048 2218 1152 2283 dono·

241 2404 244 2410 ,
268 2346 337 2391 rum
360 2312 487 2408 gratiae
495 2346 504 2407 ;
518 2343 643 2408 ¹nempe
667 2324 752 2407 fidei,
771 2324 853 2408 spei,
876 2325 1061 2389 eharitatis:
1090 2343 1151 2407 per

254 2450 353 2513 ‚quae
384 2430 469 2495 dona
494 2428 600 2494 adhue
620 2429 724 2510 magis
750 2439 784 2493 et
806 2429 973 2495 sublimius
1005 2428 1034 2491 ei
1070 2428 1154 2491 assi·

267 2534 474 2615 milaremur3
507 2539 540 2597 et
561 2534 698 2597 maxime
728 2534 851 2601 ratione
873 2533 1009 2617 spiritus
1041 2532 1152 2613 divini,

217 2652 221 2657 “
268 2638 414 2720 quinum
437 2638 487 2701 his
508 2637 602 2701 donis
625 2638 885 2717 cummunicatur,
919 2644 954 2701 ut
974 2656 1034 2702 nos
1061 2638 1153 2701 inha-

266 2742 368 2822 bitet,
402 2749 435 2805 et
465 2762 526 2805 sua
548 2741 736 2824 praeseutia
758 2741 954 2822 sanctificet,
988 2748 1153 2823 protegat,

266 2844 438 2927 gubernet,
461 2852 523 2908 ete.
567 2842 610 2907 Et
627 2844 691 2908 hau
713 2843 838 2907 ratione
860 2843 961 2909 effieit
985 2863 1044 2907 nus
1067 2843 1153 2907 filios

235 2947 460 3030 'adoptiv0s3
494 2966 610 3030 nempe
644 2947 907 3013 communicando
939 2949 1032 3012 nobis
1061 2966 1153 3011 suam

268 3059 417 3116 naturam
442 3057 476 3116 et
506 3071 598 3115 suum
621 3051 768 3135 spiritum
791 3072 852 3134 per
875 3052 993 3115 donum
1015 3046 1152 3134 gratiae,

265 3156 323 3222 eui
354 3155 455 3244 doum¹
484 3173 575 3219 suum
606 3154 752 3237 spiritum
786 3156 879 3236 quasi
914 3155 1083 3233 annexuit,
1117 3162 1152 3217 ut

258 3259 345 3340 ,alibi
377 3259 482 3324 fusius
516 3257 738 3342 explicuimus.
783 3257 914 3323 Filiatio
943 3259 1027 3349 enim
1051 3258 1153 3323 oritus·

266 3384 309 3429 ex
333 3364 472 3445 quadam
495 3370 631 3427 naturae
654 3363 953 3430 eommunieatione.

311 3466 341 3531 3'.
364 3466 489 3533 Dieitur
507 3475 599 3551 puter
621 3474 726 3534 noster
744 3467 870 3533 ratione
893 3467 1049 3532 donorum
1074 3461 1159 3548 glo·¹
