2817 4317
568 822 570 826 ’
594 803 770 860 PRECATIO
789 805 820 859 ll.

518 932 573 996 Ad
595 933 746 1011 eaodem,
769 932 896 998 ibidem.

316 1067 395 1133 Sine
419 1068 643 1152 providentiae
668 1078 743 1133 tuae
766 1070 893 1151 legibus
916 1072 996 1135 nihil
1029 1093 1062 1138 or

269 1174 421 1252 naeoitnr,
445 1172 523 1236 nihil
545 1173 678 1253 oooidit,
700 1174 780 1238 nihil
799 1182 964 1257 operatur,
988 1177 1062 1240 nihi

268 1287 372 1358 vetur,
395 1278 474 1341 nihil
498 1277 645 1358 quiescit.
691 1278 749 1344 Illa
772 1279 814 1342 ad
837 1297 916 1343 suos
939 1281 1053 1346 omnia

267 1383 417 1463 destinat,
441 1390 475 1445 et
498 1382 635 1463 singulis
655 1383 763 1447 intime
793 1382 936 1446 insidens
960 1402 1002 1447 ao
1027 1406 1062 1468 pr

267 1489 363 1569 dens,
396 1485 561 1569 propriam
596 1484 754 1570 oujusque
787 1486 925 1551 indolem
959 1488 1062 1553 formo

266 1592 390 1673 inserit,
414 1598 448 1655 et
470 1610 531 1674 per
550 1610 623 1655 eam
647 1611 715 1654 reru
735 1591 909 1674 quamlibet
932 1590 963 1654 in
987 1611 1062 1673 conr

268 1695 384 1777 ouique
420 1692 602 1757 funotiones
638 1702 672 1756 et
709 1693 873 1785 proprior
902 1692 985 1757 fines
1032 1696 1062 1762 di

267 1796 349 1875 Quid
373 1798 458 1861 enim
481 1803 532 1862 est
554 1795 641 1862 aliud
665 1795 826 1879 cujusque
848 1799 895 1860 rei
924 1798 1062 1879 ingeniu

267 1900 379 1965 nativa
397 1900 585 1982 propensio,
613 1918 707 1981 quam
732 1907 806 1963 tuae
839 1900 1062 1983 providentia·

267 2004 397 2086 stiginm
420 2011 455 2068 et
476 2001 681 2086 impressio?
725 2001 808 2068 Hine
826 2023 879 2068 res
897 2023 1062 2074 omnesne

267 2114 432 2189 parentes,
464 2115 552 2172 tanta
570 2107 698 2172 ratione
722 2115 921 2190 operantur,
950 2117 983 2174 et
1016 2112 1050 2176 in

267 2229 355 2290 suos,
378 2199 460 2295 quos
482 2228 543 2276 nee
565 2211 671 2280 animo
694 2211 886 2295 pereipiunt,
907 2232 969 2280 neo
993 2216 1062 2283 ullo

266 2315 309 2381 do
331 2322 542 2398 eognosount,
574 2322 638 2380 tam
660 2316 812 2383 ordinate
835 2317 977 2383 tendunt.
1028 2320 1062 2400 οι

266 2427 336 2485 erte
359 2439 496 2485 araneus
518 2419 614 2485 telam
638 2438 657 2492 e
679 2420 747 2486 suis
763 2421 941 2487 visceribus
962 2426 1061 2508 texit,

266 2525 360 2607 gulas
407 2523 528 2604 tendit,
572 2530 723 2591 venatum
764 2545 943 2592 mnsoarum
985 2529 1062 2596 insti

264 2628 391 2705 Quanta
414 2627 594 2694 subtilitate
628 2636 660 2693 et
691 2629 847 2695 industria
879 2631 1034 2714 apioulae

264 2739 320 2798 unt
339 2733 448 2813 favos,
479 2734 618 2798 formant
649 2735 840 2817 hexagonos
872 2734 1027 2817 utrinque
1060 2741 1061 2745 ’

264 2838 315 2901 los
334 2835 458 2901 sobolis
481 2838 645 2917 matrioes,
675 2846 708 2903 et
731 2840 872 2904 neotarei
896 2841 987 2905 suooi
1013 2863 1062 2927 ap·

265 2960 338 3023 oas3
370 2941 526 3022 eolligunt
555 2942 729 3007 coelestem
753 2962 874 3025 rorem,
909 2951 943 3007 et
979 2945 1049 3010 alia

262 3047 295 3110 in
329 3063 494 3110 commune
528 3046 628 3110 veluti
661 3046 694 3110 in
718 3046 855 3129 quadam
888 3049 1062 3127 republioa

262 3149 358 3215 runt‘l
404 3148 521 3213 Omitto
544 3149 734 3215 admirabile
764 3150 961 3216 avionlarum
982 3152 1062 3236 inge

261 3254 293 3318 in
316 3251 523 3317 exstruendis
546 3253 629 3316 nidis
653 3254 694 3318 ad
726 3272 817 3337 suam
840 3254 980 3336 quietem
1009 3267 1044 3325 et

261 3357 338 3437 lam,
375 3357 535 3441 pullorum
568 3358 828 3439 prooreationem
863 3365 896 3423 ot
928 3360 1062 3431 eduotio

262 3459 379 3526 Omitto
414 3463 605 3546 stupendam
637 3467 830 3551 bombyonrn
862 3467 1009 3534 indolem
1042 3473 1062 3536 ir
