2817 4317
1076 576 1138 646 211

256 768 332 832 dem
357 769 509 851 loquendi
533 770 694 850 formulis,
728 790 810 851 quae
829 768 969 851 benigne
992 774 1065 832 sunt
1091 766 1139 829 in·

257 871 477 952 teiligendee:
501 881 534 935 ut
564 875 645 955 qued
665 876 814 937 amatorii
833 875 962 953 spiritus
983 875 1018 937 iu
1040 872 1140 936 Deum

259 976 413 1040 altissime
442 977 592 1042 sublevati
618 979 788 1059 liquescunt
820 981 850 1041 et
871 974 1008 1057 defluent
1035 979 1068 1041 iu
1091 979 1140 1041 ie-

258 1084 412 1159 eeeuiiem
442 1083 617 1162 eelieieem,
646 1084 791 1146 emittent
810 1084 937 1162 seipsos,
959 1087 987 1146 et
1007 1081 1141 1162 perdunt

256 1184 288 1248 iu
314 1183 426 1264 abysse
449 1185 627 1264 diuinitate,
651 1188 815 1250 transeant
830 1187 863 1249 ie
878 1202 947 1249 esse
967 1187 1140 1249 increatum

256 1306 296 1353 ue
319 1290 434 1369 ideam,
465 1292 498 1354 iu
516 1308 575 1371 que
596 1286 713 1370 suerint
740 1289 780 1353 ub
808 1294 950 1367 aeterne,
976 1286 1054 1369 fiunt
1075 1305 1140 1352 eeu

251 1393 390 1473 simplee
412 1393 691 1475 muneremunere
713 1399 873 1458 aeternum
895 1394 1013 1457 umeris
1035 1396 1142 1457 meeu-

249 1498 343 1562 de'um
365 1513 433 1560 eum
456 1496 531 1562 Dee.
575 1497 645 1562 Neu
669 1496 752 1560 enim
773 1496 856 1560 haee
878 1494 924 1559 ita
946 1494 1140 1578 eeeipienda

246 1606 343 1680 sunt,
368 1600 459 1680 quasi
479 1620 539 1683 per
562 1621 704 1666 amorem
729 1621 763 1666 re
786 1602 860 1683 ipsa
877 1600 1024 1663 emittant
1046 1619 1139 1663 suum

244 1724 335 1770 esse
360 1712 517 1786 ereetum,
541 1714 573 1769 et
591 1712 755 1770 *mutentur
778 1706 809 1768 in
833 1704 1049 1784 divinitatem,
1079 1704 1141 1767 sed

244 1809 323 1874 elio
348 1808 459 1889 m0d03
483 1809 581 1891 idque
600 1810 782 1893 dupliciter.
826 1808 946 1888 Primo,
970 1807 1056 1890 quod
1076 1807 1139 1870 ista

244 1914 336 1977 fiant
357 1920 506 1993 quantum
531 1921 581 1977 est
605 1934 646 1977 ex
670 1915 703 1976 vi
727 1914 879 1977 effeetus:
903 1912 1140 1976 summusenim

244 2034 349 2082 amer
372 2014 413 2079 ed
439 2036 590 2080 summam
615 2017 727 2081 nititur
762 2018 925 2098 unionem3
959 2024 992 2080 et
1019 2017 1046 2079 si
1070 2015 1140 2078 fieri

244 2126 383 2205 posset,
406 2120 510 2202 ipsum
533 2129 690 2186 amantem
713 2127 922 2187 converteret
943 2121 1142 2201 mamertum,

244 2232 289 2290 ut
324 2223 397 2305 ipse
432 2244 468 2287 se
496 2231 596 2290 totum
630 2226 676 2288 illi
714 2225 951 2307 perfectissime
974 2222 1140 2306 impendat

248 2336 289 2391 et
314 2326 411 2389 uniet.
458 2326 558 2391 Simili
595 2328 692 2392 modu
725 2327 962 2391 considerando
985 2326 1139 2391 infinitam

252 2430 320 2495 Dei
355 2431 605 2514 perfectionem,
639 2432 844 2497 desideraret
876 2433 979 2515 ipsum
1016 2430 1140 2494 infinite

254 2535 482 2617 contemplari,
506 2536 628 2600 infinite
651 2557 772 2615 emere,
795 2543 828 2600 et
852 2535 996 2617 laudare,
1019 2535 1048 2599 si
1070 2534 1140 2598 fieri

250 2646 382 2722 posset.
428 2640 542 2721 Neque
566 2641 677 2706 mirum
698 2641 804 2704 videri
828 2640 945 2718 debet,
978 2640 1005 2702 si
1036 2638 1141 2702 ineffi-

251 2744 389 2808 cacibus
426 2744 509 2809 votis
548 2751 691 2807 ementes
727 2742 941 2825 impossibilia
978 2742 1140 2823 affectant,

251 2847 331 2930 quia
366 2866 456 2911 emor
488 2866 607 2914 eaeeus
636 2855 703 2931 est,
737 2866 797 2913 nee
832 2864 1015 2911 mensuram
1039 2847 1140 2927 novit,

251 2952 450 3035 praesertim
473 2954 528 3017 ubi
547 2955 663 3017 bouum
688 2951 777 3034 qued
801 2957 933 3030 amatur,
956 2968 1139 3013 mensuram

250 3057 446 3121 nonhabet.
491 3056 655 3136 seeundo,
680 3056 766 3139 quod
791 3056 854 3119 iste
868 3054 949 3118 fient
964 3053 1140 3118 seeundum

251 3179 385 3225 sensum
406 3167 439 3223 et
462 3161 705 3243 pereeptionem
729 3157 1022 3241 eontemplantium
1043 3175 1140 3238 pree·

251 3262 368 3329 sertim
400 3263 431 3325 in
466 3262 528 3328 hae
560 3264 638 3326 vita.
684 3262 733 3326 lta
765 3262 848 3324 enim
881 3278 991 3325 emere
1021 3277 1138 3324 aecen-

253 3369 391 3448 duntur,
425 3374 460 3428 ut
483 3366 547 3429 sibi
584 3366 678 3448 quasi
701 3364 862 3445 deficere,
895 3371 929 3428 et
957 3363 1139 3446 liquescere

253 3465 442 3552 videamur⁴3
465 3480 498 3534 et
520 3471 564 3535 ita
587 3478 738 3552 potenter
753 3472 920 3535 trahuntur
935 3470 966 3532 in
983 3470 1138 3552 abyssum
