2817 4317
271 553 312 625 18

271 750 375 818 omnia
397 749 505 814 debite
528 749 654 813 remitte
685 746 762 811 mihi
784 766 845 830 per
873 744 1026 810 infinitam
1057 745 1154 810 boni·

270 862 370 920 tatem
390 861 424 918 et
439 853 690 919 misenieordiem
714 861 811 932 tunm,
831 872 892 935 per
908 852 1095 934 sanguinem
1121 859 1154 914 et

271 953 386 1025 merite
409 959 529 1024 Christi
543 958 619 1023 Filii
639 958 683 1022 tui
701 958 828 1023 Domini
852 956 963 1020 nostri.
988 955 1071 1019 Mira
1091 955 1153 1020 Dei

270 1060 469 1145 benignitas,
495 1083 557 1145 qne
583 1082 621 1127 ee
643 1070 791 1147 peretum
815 1062 943 1127 exhibet
966 1059 1153 1124 condonare

269 1168 364 1232 nobis
386 1168 499 1234 decem
511 1167 616 1232 miliia
640 1166 840 1247 talentorum,
862 1167 891 1230 si
919 1184 979 1231 nos
1000 1163 1152 1247 proximo

274 1271 413 1338 velimus
437 1270 625 1337 condonare
649 1290 772 1355 panone
795 1271 956 1335 denarios.

314 1377 355 1443 Et
385 1396 425 1443 ne
451 1395 509 1444 noe
537 1377 668 1443 inducas
701 1378 968 1441 intentationem.
1012 1371 1153 1454 Semper

269 1480 364 1545 nobie
386 1479 476 1544 edsio
500 1480 622 1545 auxilio
645 1487 679 1544 et
693 1480 896 1564 protentione
919 1486 990 1560 tue,
1014 1476 1151 1542 utnulla

267 1600 328 1649 noe
362 1584 497 1650 tentatio
524 1583 647 1667 vineat,
681 1584 788 1649 nullae
818 1583 926 1648 mundi
955 1583 1011 1648 vel
1042 1583 1151 1648 earnis

268 1688 442 1753 illecebrae
465 1690 497 1751 in
520 1696 690 1772 peooatum
713 1688 850 1753 trahant.

301 1792 585 1858 seditionarios
614 1811 635 1858 n
661 1794 754 1858 melo.
799 1791 831 1857 Α
854 1792 938 1857 maio
970 1793 1087 1874 eulpae
1116 1800 1151 1858 et

267 1913 404 1981 poenae,
427 1899 467 1960 eb
490 1897 636 1962 omnibus
660 1896 781 1961 diaboli
805 1896 941 1978 insidiis,
964 1904 997 1961 et
1018 1895 1149 1962 tandem

267 2004 309 2066 eb
323 2001 469 2067 omnibus
485 2000 582 2085 hujus
598 2002 686 2065 vitae
701 2002 808 2083 melis3
825 2009 858 2066 et
871 2002 1012 2066 transfer
1024 2001 1056 2064 in
1073 2020 1151 2082 reg·

267 2124 340 2171 num
355 2113 452 2187 tunm,
467 2106 520 2169 ubi
534 2113 565 2170 te
579 2124 702 2170 summo
719 2107 804 2172 bono
819 2112 983 2170 aeternum
996 2106 1149 2171 fruemur.

308 2208 415 2274 Amen.
454 2207 502 2273 lte
525 2207 597 2284 fiet,
620 2208 754 2273 Domine
772 2208 886 2290 Peter,
913 2209 985 2274 Rex
1008 2209 1091 2273 ooeii
1115 2217 1150 2274 et

266 2320 392 2378 terrae:
415 2312 460 2376 ite
482 2312 547 2390 fiet,
569 2314 684 2377 exaudi
707 2314 788 2379 haee
803 2332 875 2377 mea
895 2321 982 2390 vote,
1002 2321 1035 2378 et
1051 2313 1150 2396 imple

164 2413 166 2418 ’
267 2417 325 2481 ille
340 2417 516 2483 seeundum
531 2417 709 2483 bonitatem
725 2427 758 2483 et
776 2417 1030 2483 misericordiam
1051 2425 1150 2482 tuem.

308 2520 358 2586 En
386 2522 552 2605 speoimen
582 2522 795 2590 eeounetioris
822 2522 911 2588 modi
932 2522 1062 2604 orandi,
1094 2523 1149 2605 qui

266 2624 400 2691 miritioe
421 2632 455 2690 et
472 2631 610 2692 mentem
625 2628 777 2708 illustret,
801 2633 834 2691 et
855 2627 1005 2691 eflectum
1017 2625 1149 2709 minitat,

265 2736 298 2793 et
330 2728 532 2794 dulcedinem
566 2731 596 2794 in
635 2730 772 2813 singulis
809 2730 957 2814 pertibus
992 2730 1148 2797 latentem

265 2841 399 2916 gustare
431 2834 525 2898 ieoit:
563 2835 728 2918 multoque
760 2836 903 2902 fortasse
937 2835 1051 2901 melius
1087 2845 1148 2919 est,

264 2938 327 3003 hoo
349 2938 446 3001 modo
462 2940 563 3005 semei
585 2940 763 3006 orationem
785 2938 983 3005 Dominioem
996 2938 1149 3022 renitere,

167 3105 170 3110 .
264 3060 359 3126 qoem
398 3044 522 3108 centies
554 3045 671 3109 enesim
712 3064 784 3109 enm
821 3063 923 3129 parve
959 3044 1147 3109 attentione.

264 3145 411 3225 Quodsi
434 3148 529 3213 eiioui
559 3149 604 3214 sit
625 3149 819 3233 injunctum,
847 3156 882 3213 nt
905 3157 954 3213 ter
974 3148 1031 3212 vei
1053 3149 1146 3230 quin·

262 3250 355 3333 quies
384 3253 500 3318 reoitet
527 3253 704 3318 orationem
733 3251 947 3332 Dominioem‚
979 3249 1075 3316 senile
1112 3253 1145 3316 id

260 3362 434 3437 praestare
458 3363 568 3439 potest
590 3357 687 3422 toties
701 3359 880 3442 repetendo
902 3358 1047 3441 singulos
1069 3378 1145 3424 ver·

261 3461 404 3544 eieuloe,
424 3461 553 3545 illisque
574 3462 773 3532 inhaerendo
795 3463 1017 3545 meditatione,
1048 3463 1144 3546 juxte
