2817 4317
265 541 305 613 12

263 744 363 803 totam
378 735 555 802 orationem
572 733 613 799 ad
629 753 699 799 eum
715 739 875 816 tamquam
892 732 977 799 intra
987 751 1048 798 nos
1063 750 1146 799 cou-

264 844 417 923 stitutum,
433 842 508 906 etin
523 839 623 906 fundo
634 840 761 904 animae
770 824 1146 904 nostrae'abscouditum.

310 948 409 1012 Tertio
432 945 560 1028 concipi
588 950 699 1028 potest
720 946 780 1008 sub
804 951 941 1027 augusta
962 946 1067 1009 torma
1090 966 1145 1010 se·

266 1051 347 1117 dens
370 1052 400 1114 in
423 1050 508 1115 solio
524 1049 669 1129 coelesti,
692 1050 903 1114 circumfusus
926 1048 999 1114 luce
1021 1049 1146 1115 infinita

265 1164 298 1219 et
322 1151 679 1236 infinitis'Angelorum
708 1153 923 1238 myriadibus:
952 1172 1016 1235 qno
1045 1153 1146 1220 modo

261 1260 414 1344 apparuit
436 1258 578 1341 Danieli,
609 1266 641 1323 et
663 1259 782 1325 Joanui
805 1260 837 1322 iu
859 1252 1083 1344 Apocalypsi,
1110 1268 1147 1326 et

260 1364 376 1447 Isaiae,
398 1372 432 1429 et
454 1364 535 1428 aliis.

307 1468 425 1550 Quarto
459 1467 598 1550 proponi
635 1473 747 1549 potest
775 1470 818 1533 ob
848 1466 962 1533 ncnlns
993 1466 1145 1535 Christus

265 1572 421 1637 Dominus
451 1570 484 1633 in
514 1577 627 1635 natura
649 1578 834 1654 assumpta,
863 1572 917 1637 vel
940 1581 973 1636 nt
994 1574 1144 1656 pendens

261 1676 293 1739 in
325 1692 421 1738 cruca
451 1674 482 1736 in
516 1685 623 1739 monte
652 1672 842 1756 Calcariae3
871 1677 927 1739 vel
956 1686 990 1741 ut
1022 1679 1145 1745 sedens

263 1781 304 1845 ad
328 1780 474 1844 dextram
498 1778 619 1861 Patris,
647 1779 859 1845 circumfusus
887 1778 1089 1863 Angelorum
1110 1793 1146 1849 et

262 1888 429 1951 beatorum
459 1884 628 1967 spirituum
657 1885 812 1947 immenso
840 1872 1001 1969 exercitu,
1031 1888 1146 1954 velut

263 1991 382 2055 sedens
397 1989 428 2053 in
444 1990 581 2057 nubibus
602 1988 705 2073 Judex
725 1988 873 2054 vivorum
889 1998 923 2055 et
935 1999 1146 2061 mortuorum.

262 2096 321 2161 His
344 2095 395 2158 vel
421 2095 576 2159 similibus
600 2093 702 2159 modis
719 2095 820 2159 ileum
844 2096 1018 2179 concipere
1042 2098 1145 2164 debe·

264 2219 351 2279 mus,
380 2198 511 2283 quando
542 2198 628 2263 serio
657 2215 754 2263 orare
789 2198 952 2281 volumus,
981 2209 1014 2265 et
1041 2203 1070 2266 ei
1094 2204 1146 2269 sic

264 2304 443 2388 proposito,
462 2315 522 2367 uos
546 2302 651 2367 animo
674 2303 730 2367 vel
751 2302 783 2367 iu
805 2303 900 2368 coelo
922 2306 976 2369 vel
998 2307 1031 2370 in
1053 2313 1145 2372 terra

261 2408 437 2475 humillime
466 2414 693 2490 prosternere;
728 2414 762 2473 ut
791 2414 858 2473 tota
888 2418 998 2474 nostra
1037 2413 1146 2478 oratio

263 2514 305 2579 ad
328 2533 410 2594 eum,
434 2520 594 2595 tamquam
607 2520 825 2596 praesentem,
847 2523 881 2580 et
903 2533 963 2581 nos
980 2516 1145 2584 videntem

262 2625 296 2683 et
318 2618 510 2698 audientem,
534 2615 703 2700 dirigatur.
748 2618 807 2696 Qui
831 2620 915 2684 enim
937 2637 1009 2685 cum
1031 2620 1145 2704 aliquo

263 2723 333 2788 vult
360 2721 517 2805 colloqui,
546 2720 644 2784 debet
673 2741 744 2786 eum
776 2724 896 2788 habere
925 2731 1144 2809 praesentem,

263 2835 296 2894 et
318 2834 479 2910 tamquam
503 2843 573 2891 cum
597 2835 772 2908 praesente
785 2846 903 2911 agere:
927 2828 1048 2911 alioqui
1071 2849 1145 2895 ser·

264 2943 389 2997 monem
412 2929 454 2993 ad
477 2928 565 2993 illum
588 2946 650 2993 nan
674 2929 801 3013 dirigit,
823 2932 883 2997 sed
905 2932 937 2997 in
959 2936 1067 3001 aerem
1090 2936 1143 3000 lo-

262 3036 378 3119 quitur.
430 3030 525 3098 Unde
560 3034 643 3099 haec
677 3035 897 3102 consideratio
932 3040 1143 3121 praesentiae

266 3140 394 3221 diuinae
413 3140 444 3203 in
468 3140 616 3204 oratione
638 3146 690 3204 est
712 3142 850 3204 maxime
871 3143 1074 3224 neucesaria,
1108 3154 1144 3210 et

264 3244 510 3328 diligentissime
528 3245 744 3327 procuranda.
772 3244 835 3322 oni
856 3244 888 3309 in
907 3264 948 3310 ea
971 3249 1072 3330 probe
1088 3259 1144 3315 est

262 3350 471 3432 exercitatuS,
494 3367 558 3415 uon
573 3349 676 3414 solum
697 3366 816 3433 magno
830 3350 946 3433 fructu,
969 3351 1028 3415 sed
1044 3354 1141 3421 etiam

262 3469 380 3538 magna
401 3452 558 3520 facilitate
581 3461 614 3519 et
634 3453 798 3521 suavitate
819 3470 917 3520 orare
939 3463 1056 3539 potest.
