2817 4317
335 579 397 647 150

330 771 416 853 giam
439 770 480 834 ad
500 771 611 852 ipsum,
635 777 667 833 et
683 787 856 851 possumus
877 788 936 833 nus
952 788 1015 849 per
1031 768 1209 833 orationem

333 874 375 939 ad
408 876 515 958 ipsum
547 880 751 955 eonverteue,
778 877 885 957 'opem
915 872 1153 958 'impiorand03-
1186 879 1212 935 et

333 978 405 1061 ipse
436 996 507 1043 uum
542 978 632 1042 firma
656 997 716 1060 spe
737 977 770 1042 et
792 976 910 1041 fidutia
937 976 979 1039 ad
1008 976 1213 1059 seeunfugi·

330 1090 421 1148 entes
440 1102 598 1166 uunquam
617 1083 757 1166 repellit,
776 1081 979 1165 quantumvis
1004 1080 1100 1145 illum
1116 1081 1212 1145 odeu-

334 1186 449 1267 derint,
472 1194 505 1252 et
521 1186 630 1251 multis
653 1186 811 1269 gebennis
834 1186 923 1269 digni
941 1184 1021 1249 siut:
1047 1185 1112 1249 sed
1137 1204 1213 1251 seur·

334 1309 394 1376 per
417 1310 474 1357 eos
497 1292 644 1370 exaudit,
677 1290 877 1374 praestando
906 1290 940 1354 id
959 1288 1053 1370 ‘quud
1079 1290 1124 1353 ab
1149 1290 1213 1371 ipsu

331 1402 452 1479 petunt,
476 1395 530 1459 vel
549 1394 669 1477 aliquid
693 1395 792 1478 lunge
810 1392 1030 1479 praestantius
1051 1399 1085 1457 et
1105 1392 1212 1456 utilius

333 1500 527 1583 petentibus.
647 1563 649 1566 ,
1155 1500 1158 1506 ’

377 1602 409 1668 2.
432 1598 513 1678 Quia
530 1601 583 1665 ubi
604 1619 714 1665 omnes
731 1600 821 1665 'aliae
844 1607 1013 1664 creaturae
1036 1617 1100 1671 uus
1125 1600 1214 1664 deue-

335 1711 417 1784 ruut,
440 1704 495 1770 vel
516 1722 611 1787 opem
633 1704 720 1768 ferre
743 1722 806 1768 uuu
831 1712 998 1786 possunt,
1016 1703 1092 1786 ipse
1131 1704 1215 1767 solue

335 1826 495 1889 uunquam
523 1807 654 1887 deserit,
676 1806 735 1871 sed
757 1826 904 1892 semper,
927 1815 960 1870 et
981 1806 1067 1870 iutra
1091 1826 1170 1887 nos,
1189 1811 1216 1870 et

336 1917 429 1973 extra
450 1929 519 1993 nos,
542 1920 574 1975 et
597 1911 715 1990 eiruum
737 1928 806 1988 uos,
833 1908 977 1992 undique
1000 1917 1033 1974 et
1057 1930 1102 1974 ex
1139 1910 1217 1976 omui

330 2005 545 2095 ,parteadest
579 2017 689 2093 nobis,
723 2014 1011 2098 paratus-juvare,
1043 2016 1217 2094 consolari,

329 2126 376 2194 'et
399 2120 538 2183 salvare.
584 2117 674 2184 Unde
709 2119 823 2182 merito
855 2136 926 2182 eum
945 2117 1076 2182 ‘Davide
1109 2121 1217 2186 uiuere

336 2242 526 2306 pessumus:
572 2226 655 2290 Deus
682 2224 835 2307 rosnaium
866 2231 1006 2289 uestrum
1046 2226 1090 2289 et
1105 2208 1218 2301 virm

338 2331 518 2407 adjutoria
548 2325 812 2406 tribulatiuaitu8‚
843 2346 921 2410 quae
949 2332 1142 2395 inverterunt
1169 2346 1218 2395 aas

337 2437 446 2509 uiuet&
466 2439 631 2515 prepterea
652 2453 716 2499 auu
739 2433 920 2511 timebimus,
949 2433 1021 2496 dum
1044 2435 1218 2500 turbabitur

337 2543 422 2602 terra
444 2543 472 2603 et
494 2523 723 2619 transferuutur-
746 2542 865 2601 montes
884 2541 917 2601 iu
944 2555 998 2601 eor
1019 2543 1134 2603 manu.
1167 2540 1217 2603 Et:

340 2640 491 2705 Dominus
510 2640 693 2707 illumiaatio
723 2660 808 2719 meu,
844 2647 873 2706 et
900 2642 986 2706 sutus
1011 2659 1117 2718 meus
1136 2662 1220 2727 quem

339 2744 475 2809 timeto?
518 2745 669 2811 Dominus
698 2733 854 2827 protector
875 2750 956 2811 uitae
977 2764 1100 2823 meue;.
1125 2766 1219 2838 utque

240 2912 243 2916 .
337 2848 514 2934 trepidate!
548 2848 589 2934 Et
619 2851 718 2914 iutra:
769 2852 924 2932 Quantum
947 2854 1039 2932 puter
1072 2859 1219 2920 moueat

337 2956 437 3017 muter
466 2954 794 3036 meu-dereliquerunt
825 2972 891 3034 me,
933 2954 1089 3021 Dominus
1121 2964 1219 3025 uatem

230 3078 231 3081 ¹
338 3060 604 3138 assumpsitque

382 3158 410 3223 3.
433 3158 512 3235 Quia
543 3168 594 3223 est
617 3161 782 3255 eiuguiare
804 3155 975 3244 retugium
995 3162 1140 3230 omnium
1172 3165 1219 3249 ju·

260 3331 262 3339 ,
308 3308 311 3312 «
340 3272 472 3344 aterum,
495 3264 548 3346 qui
572 3263 665 3348 hujus
687 3266 809 3329 uaeuuli
826 3264 976 3348 pertaesi,
998 3262 1143 3349 ejusque
1165 3269 1220 3335 fai·

340 3367 456 3449 laniae,
472 3370 699 3452 malignitatem
724 3377 757 3433 et
778 3388 948 3434 aerumnas
970 3347 1220 3455 fugientes‚iu

337 3470 438 3540 Deun
462 3482 620 3569 tamquam
643 3473 763 3541 fuutem
786 3475 882 3569 uitae,
904 3482 937 3539 et
959 3474 1103 3541 omnium
1124 3480 1220 3545 bonu·
