2817 4317
313 568 378 668 rso

308 768 345 831 de
367 765 444 843 neo,
467 772 501 828 ut
523 772 571 829 est
594 785 659 847 pax
684 774 805 832 nostra.
828 748 830 752 ⁸
852 771 994 852 Deaipae
1015 776 1065 839 ad
1087 777 1182 841 robor·

308 868 424 933 aedom
446 868 680 950 tortitudinem,
716 872 882 953 quadrabit
908 879 1130 959 consideratio
1162 882 1182 945 d

308 972 388 1051 Deo,
408 979 443 1036 ut
466 980 518 1036 est
538 971 695 1037 fortitudo
718 984 838 1041 nostra.
886 978 965 1045 Item
990 982 1032 1046 de
1052 983 1181 1066 Deo,n

291 1083 359 1167 'est
381 1076 618 1140 fundamentum
642 1081 795 1141 nostrum.
1160 1091 1164 1098 ·

608 1318 859 1384 CONSIDERATIO
877 1325 896 1385 Ι.

353 1505 355 1510 ,
405 1457 452 1522 De
476 1458 542 1522 Deo
558 1462 729 1541 provisore,
753 1461 867 1543 dieique
889 1466 1104 1544 providentia.

351 1602 439 1666 Deus
460 1600 578 1665 dieitur
599 1605 743 1683 provisor
765 1608 798 1666 et
821 1619 926 1665 rernm
945 1597 1093 1668 amnium
1119 1623 1182 1689 pra·

311 1703 487 1769 videntiam
512 1705 651 1768 habens:
685 1706 713 1771 t.
737 1706 812 1787 quia
842 1720 903 1787 per
940 1704 1048 1787 ipsius
1064 1770 1066 1772 ,
1085 1708 1182 1791 provi·

310 1807 448 1872 dentiam
480 1809 584 1872 omnia
619 1810 650 1871 in
686 1810 752 1872 suis
786 1809 976 1892 speciebus,
1013 1817 1049 1875 et
1072 1813 1182 1878 netnri

308 1911 493 1990 individuis,
517 1913 678 1977 eumenis
707 1912 923 1994 ornamentis,
949 1920 982 1976 et
1005 1919 1182 1999 proprieta·

309 2016 405 2095 tibus,
429 2024 463 2081 et
483 2018 700 2082 sudationibus
724 2017 873 2080 existunt.
917 2017 1006 2080 Nihil
1032 2021 1123 2083 enim
1148 2041 1180 2085 es

308 2120 340 2182 in
373 2126 439 2182 tota
477 2140 583 2184 rernm
617 2127 747 2200 natura,
785 2122 836 2186 aui
870 2121 941 2202 ipse
971 2140 1038 2185 non
1063 2124 1180 2189 dederi

309 2245 397 2307 esse,
421 2228 583 2311 speeiem,
601 2230 751 2308 formam,
781 2234 814 2290 et
834 2225 1135 2309 pulchritudinem,
1165 2251 1181 2293 n

309 2329 430 2393 decore
453 2332 485 2393 in
507 2352 565 2396 suo
589 2342 673 2397 statu
707 2332 887 2398 consistere
918 2337 1033 2411 queat,
1077 2340 1114 2397 et
1149 2354 1181 2400 en

309 2433 442 2497 ulterius
476 2453 539 2499 non
573 2437 701 2500 dederit
731 2434 893 2518 propriam
927 2432 1095 2517 indolem,
1121 2457 1182 2522 pro·

308 2538 517 2619 pensionem,
552 2540 640 2604 vires
674 2548 707 2603 et
729 2539 938 2601 instrumenta
960 2542 1182 2619 congruentis·

307 2641 386 2705 sima
406 2642 447 2705 ad
471 2663 547 2707 snas
570 2644 772 2724 functiones,
802 2641 907 2706 omnia
937 2640 1022 2704 enim
1047 2646 1085 2709 in
1112 2664 1182 2712 men·

307 2761 383 2808 sara
414 2749 442 2807 et
465 2763 591 2810 ramera
624 2750 653 2810 et
673 2746 808 2826 pondere
826 2746 992 2825 disposuit:
1031 2755 1069 2808 ut
1097 2748 1182 2814 mani·

306 2845 419 2908 festum
450 2853 501 2916 est
530 2866 590 2911 non
614 2847 718 2911 solum
742 2847 773 2907 in
797 2846 956 2928 primariis
980 2852 1096 2915 mundi
1123 2874 1182 2938 per

307 2950 411 3030 tibus,
430 2956 478 3016 ,ut
499 2951 530 3013 in
553 2950 673 3028 aoelis,
696 2951 727 3014 in
751 2950 872 3031 stellis,
901 2951 931 3013 in
955 2951 1029 3017 sale
1055 2965 1094 3020 et
1115 2958 1181 3022 lum

305 3055 337 3117 in
360 3054 544 3136 elementis3
576 3055 636 3119 sed
669 3057 764 3119 etiam
786 3054 1004 3132 invitissimis
1029 3062 1182 3127 vermian·

218 3143 222 3150 ’
305 3158 344 3222 lis
367 3164 400 3221 et
422 3177 532 3222 eorum
554 3160 714 3243 partibus,
750 3165 783 3222 et
815 3159 846 3222 in
879 3157 999 3238 plantis
1036 3169 1073 3225 et
1107 3164 1182 3230 flori·

305 3265 378 3343 bue,
401 3269 462 3326 eto.

349 3368 379 3430 2.
403 3365 484 3443 Quia
515 3365 591 3429 nihil
625 3366 655 3428 in
679 3372 748 3431 tota
770 3385 878 3430 rerum
900 3373 1030 3451 natura,
1055 3363 1182 3457 totoqn

206 3513 224 3524 -›
306 3472 457 3551 universo
482 3471 553 3537 fieri
576 3479 701 3557 potest,
737 3472 825 3556 qnod
847 3472 920 3556 ipse
942 3479 1043 3537 antea
1068 3476 1103 3542 in
1126 3480 1182 3545 lue
