2817 4317
1053 527 1144 596 89-

215 725 403 808 positionem
415 700 564 804 oerntites
585 720 850 785 considerationes
870 725 942 785 sont
964 721 1001 785 te
1016 718 1096 800 Deo,

218 834 330 893 otest
350 826 418 889 vita
452 831 572 889 nostra.
617 824 695 889 ltern
718 822 769 886 'de
798 824 867 887 Deo
895 823 1096 890 Protectore.

215 932 298 997 item
311 930 351 994 da
366 929 435 994 Deo
451 927 622 1012 Adjutore.
652 930 729 995 Item
746 928 869 993 delion
887 926 1096 1013 Suseeptore.

505 1156 762 1217 CONSIDERATIO
784 1157 803 1216 Ι.

413 1297 461 1362 De
483 1298 557 1378 Deo,
580 1301 613 1362 nt
635 1291 682 1364 est
702 1302 765 1365 oito
786 1257 903 1364 nostro.

262 1456 347 1520 Deus
370 1456 548 1538 generatim
578 1456 646 1521 vita
682 1456 814 1525 dieitur:
850 1455 880 1521 1.
913 1452 1088 1535 Tamquam

217 1561 292 1624 fons
315 1559 418 1625 omnis
439 1558 541 1640 vitns;
571 1571 641 1624 nam
665 1562 768 1627 omnis
789 1561 860 1625 vita
882 1564 917 1623 et
946 1573 1099 1641 suprema
1159 1560 1161 1564 '

216 1672 253 1728 et
267 1663 430 1752 modiano
449 1663 572 1746 infima,
594 1662 808 1749 Angelorum,
835 1664 1005 1745 hominum,
1028 1662 1098 1728 ani*
1127 1693 1131 1700 ·

217 1768 349 1833 melium
380 1773 414 1833 et
444 1767 624 1850 plantarum
663 1771 704 1832 ab
740 1770 902 1850 insessi,
937 1774 1096 1852 tamqnam

218 1870 378 1953 quaedam
405 1855 492 1935 illius
529 1873 616 1940 vitae
645 1872 777 1937 fontalis
810 1872 1012 1958 adumbratio
1043 1872 1096 1936 vet

217 1972 436 2059 partieipaiio,
457 1975 577 2039 elatior
593 1976 645 2041 vel
660 1975 846 2042 obscurior:
865 1984 898 2040 et
912 1976 1012 2039 omnis
1031 1976 1097 2040 vita

216 2080 251 2146 in
274 2079 347 2161 ipsu
360 2080 546 2161 eminenter,
569 2086 602 2144 et
624 2081 666 2144 ab
688 2088 833 2162 aeterno,
857 2086 891 2144 et
913 2080 983 2143 sine
1005 2098 1096 2144 men·

215 2202 294 2247 sura
315 2183 505 2249 continetur.
629 2184 638 2198 '

260 2288 290 2352 2.
313 2286 395 2363 Quia
410 2286 484 2369 ipse
497 2293 549 2350 est
569 2288 637 2351 vita
653 2286 784 2368 infinite,
803 2287 967 2371 immensa,
991 2296 1097 2354 aeter·
1225 2287 1228 2294 '

215 2398 355 2468 na‚·tum
373 2380 577 2473 formaliter,⁴
597 2399 662 2456 tum
686 2391 859 2474 objective.
894 2391 1097 2457 ›Formaliter

218 2494 363 2576 quidem,
394 2494 467 2576 quia
500 2495 569 2559 vita
595 2515 748 2577 supreme
772 2494 917 2560 formalis
940 2496 970 2559 in
995 2496 1096 2578 ipsius

217 2599 354 2679 visione,
376 2616 488 2662 amore
507 2605 541 2662 ot
563 2598 714 2664 fruitione
738 2599 894 2663 consistit.
941 2600 1016 2682 ipse
1036 2619 1097 2663 au·
1140 2587 1144 2592 ’

214 2710 280 2772 tem
303 2709 353 2766 est
374 2720 434 2767 sna
457 2701 552 2783 visio,
580 2722 657 2766 suus
679 2721 786 2784 amor,
819 2723 878 2767 sna
901 2704 1011 2767 fruitio
1019 2725 1028 2785 ;
1058 2724 1099 2770 ae

213 2805 357 2889 proinde
377 2815 430 2869 est
455 2824 514 2870 oua
539 2807 605 2870 vita
624 2808 778 2872 formalis.
825 2807 995 2890 (ibjeotive
1019 2827 1098 2874 vero

215 2918 270 2973 est
292 2910 455 2990 suavita,
487 2909 563 2993 quia
586 2919 638 2974 est
661 2929 720 2975 sua
742 2909 850 2974 vitalis
872 2912 1032 2987 essentia,
1064 2910 1097 2974 in

214 3012 310 3098 eujus
334 3013 474 3095 visione,
505 3032 629 3093 amore,
666 3022 699 3078 et
732 3021 826 3097 gustu
860 3016 927 3079 vita
949 3014 1096 3079 formalis

215 3124 351 3183 aeterna
381 3126 415 3183 et
448 3120 545 3182 beata
577 3117 732 3183 oonsistit.
776 3117 852 3184 Vita
880 3118 952 3202 ejus
976 3118 1098 3184 infinita

217 3227 284 3299 est,
315 3223 399 3286 siout
419 3221 503 3286 visio
526 3222 596 3304 ejus
627 3231 659 3286 et
688 3241 777 3287 amor
817 3230 850 3287 et
880 3222 1098 3306 ganniendo

217 3316 453 3409 essentia'suan
475 3346 559 3410 quae
582 3333 631 3390 est
651 3329 767 3410 bonum
789 3327 954 3408 infinitum,
976 3327 1009 3391 in
1033 3345 1097 3409 quo

215 3430 340 3496 infinita
368 3432 452 3495 bona
484 3431 693 3497 eontinentur.
737 3430 859 3513 Itaque*
885 3430 968 3496 siout
996 3438 1097 3497 totam
