2817 4317
264 518 306 586 36

268 718 427 797 quatenus
444 711 523 777 dioit
537 712 695 796 quandam
718 712 894 807 durationis
917 713 1151 797 extensionem,

267 826 381 884 nostro
404 818 500 883 modo
525 815 730 901 oonoipieudi
745 817 837 900 quasi
854 818 978 884 duabus
993 826 1150 907 constare

268 923 414 1010 partibus
427 971 435 1003 ,
461 918 540 1005 (etsi
556 923 588 987 iu
604 923 714 1006 seipsa
730 922 773 985 sit
787 928 857 987 tota
873 922 975 1000 simol,
998 930 1031 988 at
1045 923 1150 1005 parti·

270 1029 331 1093 bus
354 1025 500 1109 eareat)':
525 1048 656 1110 quarum
679 1027 784 1092 altera
803 1025 998 1109 coneipitur,
1021 1033 1056 1089 ut
1077 1026 1151 1089 exi.-

266 1142 357 1196 stens
381 1133 542 1214 oomplete
559 1138 639 1196 ante
651 1131 757 1196 omnia
771 1130 902 1194 saeonla
921 1129 1149 1211 imaginabilia,

270 1237 363 1319 quasi
383 1256 514 1319 semper
536 1243 659 1302 exenta.
697 1236 787 1300 Haeo
809 1233 870 1299 soli
893 1234 963 1297 lloo
986 1234 1148 1313 eonvenit,

268 1359 329 1405 neo
360 1349 438 1424 puto
466 1340 563 1405 ullam
590 1348 771 1405 ereaturam
799 1338 883 1403 illius
912 1356 1085 1421 eapaoem3
1115 1346 1150 1402 ut

270 1444 345 1510 alibi
363 1464 405 1508 ex
419 1445 570 1510 Patribus
586 1444 803 1528 probavimus.
835 1439 951 1508 Altera
968 1442 1149 1526 coneipitur

268 1555 304 1610 ut
334 1546 478 1611 existens
510 1556 586 1629 post
613 1548 720 1612 omnia
751 1547 883 1612 saeoola
915 1547 1148 1629 imaginabilia,

266 1650 361 1734 quasi
390 1670 519 1735 semper
548 1652 672 1717 lutura:
700 1651 746 1714 ita
768 1659 803 1715 ut
825 1640 902 1716 nihil
929 1670 1077 1733 umquam
1093 1654 1148 1717 ide

266 1774 308 1818 ea
331 1754 535 1838 decerpatur,
557 1773 621 1837 quo
644 1756 751 1839 possit
773 1755 919 1820 imminui.
949 1754 1040 1822 Haeo
1058 1774 1148 1828 oome

191 1933 193 1937 Α
266 1858 421 1924 munioari
456 1866 569 1941 potest
602 1860 700 1925 rebus
735 1860 862 1925 creatis.
906 1858 963 1924 Sie
994 1860 1077 1925 enim
1114 1870 1148 1930 et

266 1962 401 2028 mundus
423 1973 620 2043 renovatus,
644 1972 678 2029 et
699 1964 864 2029 beatitudo
886 1961 1089 2047 Sanctorum,
1113 1976 1148 2035 et

267 2075 427 2133 tormenta
449 2077 657 2152 pennatorum
677 2076 810 2133 aeterua
833 2076 933 2132 eruut.

308 2173 338 2237 2.
360 2174 447 2238 Deus
470 2172 588 2237 dieitur
601 2179 761 2250 aetenum·
779 2191 844 2238 nou
859 2174 961 2238 solum
979 2172 1052 2256 quia
1068 2182 1147 2243 aute

265 2294 359 2341 omue
382 2282 507 2357 tempus
530 2278 744 2360 eoueoptibile
766 2276 897 2360 infinitis
922 2278 1064 2344 aaeoulis
1084 2301 1144 2345 ex·

265 2378 336 2457 titit,
361 2385 490 2461 etpost
512 2397 605 2445 omne
621 2392 749 2465 tempus
771 2383 986 2466 oenoeptibile
1007 2382 1144 2449 infinitis

264 2482 405 2548 saeoulis
435 2484 571 2561 extabit3
602 2487 661 2550 sed
690 2486 786 2552 etiam
819 2487 894 2570 quia
923 2488 1027 2554 omnia
1056 2491 1145 2554 bona

264 2606 333 2665 soa,
349 2605 471 2652 omnem
482 2590 669 2671 potentiam,
684 2591 885 2673 sapientiam,
900 2591 1145 2672 beatitudinem,

265 2692 371 2758 omnia
393 2693 512 2774 gaudia
535 2701 568 2758 et
590 2696 835 2779 oblectamenta,
857 2716 939 2781 quae
953 2716 1013 2780 per
1033 2697 1144 2765 infini-

262 2805 326 2863 tum
341 2805 466 2880 tempus
482 2801 650 2883 acquirere
660 2810 783 2884 posset,
798 2802 892 2866 simul
902 2801 1145 2884 perfectissime

265 2902 295 2965 in
311 2921 405 2967 uuum
421 2901 559 2969 oolleota
574 2904 672 2968 babet
690 2913 723 2969 et
746 2906 981 2972 immutabiliter
996 2926 1036 2971 ex
1053 2910 1143 2976 omui

265 3006 453 3071 aeternitate
466 3008 497 3070 iu
520 3026 645 3073 omnem
662 3010 891 3087 aeternitatem,
914 3012 1037 3092 absque
1053 3016 1160 3080 omni·

263 3110 353 3175 initio
385 3118 419 3175 et
446 3111 510 3176 line
532 3111 694 3195 possidet,
722 3112 766 3176 ita
794 3119 829 3176 ut
857 3112 943 3177 nulla
972 3113 1003 3177 ei
1031 3117 1143 3197 possit

262 3214 334 3279 lieri
355 3216 515 3297 aooessio,
538 3215 625 3282 nulla
640 3216 800 3282 deoessio.
829 3216 930 3290 Nemo
941 3218 978 3282 >io
992 3217 1056 3283 bae
1071 3222 1143 3288 vita

262 3326 372 3402 potest
393 3337 504 3384 omnes
536 3320 769 3388 obleotationes
803 3329 836 3385 et
857 3322 991 3402 gaudia,
1019 3323 1143 3405 quibus

262 3430 333 3489 toto
345 3423 433 3490 vitae
448 3422 724 3510 decursu-fruitur,
737 3424 832 3492 simul
845 3426 965 3493 babere
979 3425 1141 3519 oolleeta;
