2817 4317
521 818 779 882 ooosmnnono
802 776 883 880 ivo.

257 988 261 999 ·
296 978 343 1041 De
361 977 435 1052 Deo,
460 982 494 1040 ot
515 981 561 1039 est
582 980 671 1055 poter
692 973 792 1055 sotori
812 974 939 1037 saecoli.
986 973 1058 1037 isai.
1081 973 1111 1039 9.

535 1130 642 1180 Affeotn
662 1130 749 1179 filialis
769 1127 873 1179 amoris.

306 1271 379 1338 Hoo
401 1290 516 1337 nomen
540 1273 692 1339 convenit
711 1272 841 1339 Christo
866 1272 988 1355 dapiioi
1010 1271 1150 1352 ratione,

263 1376 442 1442 seeundum
465 1378 694 1443 humanitatem
718 1388 752 1441 et
783 1376 960 1443 seeundum
995 1376 1147 1441 divinita·

263 1489 348 1563 tem3
373 1488 405 1545 et
427 1489 585 1565 quotenne
607 1482 786 1548 seeundum
808 1481 1009 1546 divinitatem
1036 1482 1068 1547 ei
1089 1480 1147 1544 tri·

262 1587 391 1663 buitur,
429 1589 582 1652 oonveoit
612 1590 709 1653 etiam
738 1589 799 1653 toti
824 1586 978 1652 Trinitati.
1022 1584 1147 1649 Dioitnr

261 1694 373 1775 itaque
393 1697 484 1773 poter
500 1690 599 1773 sotori
620 1695 756 1760 saecuta:

310 1796 338 1862 1.
362 1794 442 1873 Quia
476 1803 527 1859 eet
550 1779 680 1882 ‚anoton
709 1804 742 1861 et
773 1802 977 1884 propagator
1008 1792 1147 1858 omnium

262 1903 422 1987 justorum
446 1906 480 1963 et
501 1900 635 1965 filiorum
658 1900 731 1982 Dei,
757 1900 810 1981 qni
834 1904 927 1962 erant
948 1897 1048 1963 futuri
1066 1904 1147 1961 tem·

263 2023 347 2090 pore
383 2005 461 2069 novi
499 2007 702 2087 testamenti,
739 2012 773 2070 et
810 2003 949 2069 omnium
986 2003 1143 2065 bonorum

264 2099 358 2174 istius
381 2115 504 2193 etatus3
539 2110 727 2174 sicutenim
750 2126 862 2173 omnes
886 2107 1009 2174 Judaei-
1028 2121 1146 2169 seeun-

265 2214 340 2280 dum
361 2232 490 2279 earnem
510 2215 687 2298 propagati
703 2222 778 2279 suot
794 2234 836 2278 ex
850 2213 957 2280 Jacob
979 2231 1040 2295 per
1067 2210 1149 2275 duo·

267 2319 371 2383 decim
405 2318 505 2401 filios,
541 2319 664 2384 veteris
707 2318 893 2384 testamenti
926 2315 1150 2401 patriarchas3

264 2424 310 2489 ito
334 2442 447 2488 omnes
466 2422 564 2507 justi,
596 2425 651 2507 qni
682 2411 754 2487 nont
776 2423 894 2488 Judaei
925 2430 959 2487 et
981 2420 1150 2485 Israelitae

265 2527 450 2611 spiritaleS,
485 2528 658 2611 propagati
688 2534 762 2591 eunt
792 2546 813 2589 a
835 2517 983 2606 Christo,
1016 2524 1068 2608 qni
1092 2523 1151 2588 fuit

266 2652 364 2697 verus
394 2630 513 2712 lenaei,
547 2650 607 2713 per
641 2629 811 2695 duodecim
843 2625 1041 2712 Apostolos,
1073 2627 1149 2692 novi

266 2736 449 2802 testamenti
486 2734 700 2817 patriarchas.
751 2733 898 2799 Vooatur
939 2740 1046 2797 antem
1085 2731 1150 2797 hoo

265 2851 403 2925 tempos,
426 2840 589 2905 saeculnm
612 2846 796 2915 venturum,
822 2836 897 2918 quia
919 2843 1068 2919 tempore
1091 2856 1149 2901 ve-

264 2947 344 3011 teris
366 2944 551 3022 testamenti
574 2942 697 3007 eratin
720 2961 843 3016 somma
867 2942 1105 3027 expeetatione.

310 3050 339 3114 2.
361 3045 483 3114 Altiori
506 3044 620 3127 modo,
653 3046 730 3128 quie
763 3055 824 3111 est
838 3055 952 3113 anoton
974 3053 1008 3112 et
1026 3066 1149 3131 patene

265 3153 403 3220 omnimo
426 3154 595 3217 beatorum
618 3149 792 3234 hominnm,
814 3152 867 3233 qni
891 3152 923 3216 in
944 3152 1053 3216 futuro
1072 3171 1147 3216 sae·

265 3258 339 3324 onlo
373 3264 451 3340 post
481 3256 754 3321 resurrectionem
788 3258 971 3338 regnabunt
993 3255 1025 3319 in
1045 3255 1148 3321 ooeio.

266 3360 319 3428 Ab
357 3361 431 3445 ipso
466 3359 550 3425 enim
585 3345 692 3424 omnia
710 3379 788 3427 ,sna
825 3363 907 3426 bona
930 3368 1148 3444 aoeepernot:

266 3469 339 3552 ipse
361 3463 419 3530 eos
443 3466 484 3529 ab
513 3473 647 3531 aeterna
669 3461 773 3550 morte
792 3465 958 3548 liberavit,
987 3464 1060 3549 ipse
1083 3464 1150 3531 iliis
