2817 4317
266 573 329 641 194

270 772 462 849 poneretur,
504 762 592 847 quod
632 761 717 826 iiiam
752 762 993 829 uennexionem
1035 766 1045 829 Ι

267 888 337 935 eum
361 870 449 932 iente
472 866 695 949 interuiperet,
719 885 793 930 mox
816 875 919 932 tntum
944 868 1045 934 lumen

267 980 432 1060 neseeret,
464 979 496 1036 et
528 978 639 1036 essent
673 973 835 1035 tenebrae.
880 974 960 1038 Pari
999 996 1045 1043 m(

265 1079 350 1143 inter
378 1061 558 1142 creaturam
589 1083 621 1139 et
641 1076 743 1140 Deum
766 1076 890 1158 aliquid
912 1088 1037 1161 posset

264 1184 349 1264 poni,
373 1181 458 1263 quod
475 1181 561 1245 iliius
579 1179 840 1264 nonjunutionem
857 1189 890 1244 et
909 1186 1045 1249 eubaea

266 1307 336 1353 eum
360 1287 431 1350 Deo
456 1285 642 1367 impediret,
671 1286 778 1349 statim
802 1293 954 1352 ereatura
979 1291 1045 1354 inst

264 1391 357 1455 minis
381 1389 633 1471 extingueretur,
653 1394 685 1452 et
704 1399 920 1453 evanesueret
936 1390 969 1453 in
988 1402 1045 1457 ant

265 1495 407 1575 nibilum,
431 1502 607 1573 essentque
629 1493 795 1573 tenebrae,
818 1513 878 1575 per
895 1498 1045 1562 absentia

263 1600 355 1664 minis
377 1598 608 1663 substantialis.

304 1704 463 1769 Secundus
502 1703 611 1767 medus
631 1704 769 1772 ‚unionis
809 1708 860 1765 est
902 1723 965 1784 per
1012 1707 1045 1770 in

264 1807 533 1891 penetrationem,
556 1825 620 1889 qua
643 1806 742 1885 Deus,
765 1806 889 1869 ratione
913 1826 998 1870 suae
1023 1810 1045 1873 ir

261 1912 366 1977 sitatis
399 1918 431 1975 et
464 1909 670 1989 subtilitatis,
701 1909 847 1974 omnibus
883 1914 1045 1994 eorporib

242 2016 429 2097 ,spiritibus
453 2022 502 2079 est
524 2014 635 2077 intime
661 2032 835 2095 praesens,
866 2017 1040 2100 multoque

262 2121 325 2185 tius
348 2139 442 2204 quem
465 2120 570 2184 lumen
593 2118 669 2199 abri,
693 2119 746 2182 vei
770 2118 875 2182 anima
897 2123 1045 2203 eorpori.

309 2226 430 2292 Tertius
451 2225 559 2291 modus
582 2225 707 2289 unionis
731 2229 782 2287 est
803 2241 863 2304 per
893 2224 1014 2308 fidem,

265 2334 298 2393 et
320 2330 522 2412 potissimum
546 2348 605 2411 per
625 2327 825 2408 charitatem,
849 2347 909 2390 seu
930 2348 995 2411 per
1013 2352 1045 2413 gr

262 2431 515 2516 justificationis.
561 2431 623 2495 Per
659 2430 756 2495 fidem
778 2431 865 2494 Deus
896 2434 1044 2499 mentibu

266 2540 342 2602 stris
362 2537 541 2618 exhibetur,
565 2544 599 2600 et
621 2534 858 2617 quodammodo
880 2554 1045 2617 praeseus

263 2648 322 2706 tur.
368 2639 431 2705 Per
459 2660 551 2723 spem
587 2638 635 2703 illi
667 2638 839 2702 innitimur.
882 2638 924 2703 Et
947 2662 1013 2724 per

261 2753 359 2810 tatem
381 2746 489 2809 intime
512 2763 551 2808 au
584 2742 727 2807 filialiter
750 2741 780 2805 ei
813 2740 1045 2828 conjungimur

200 2847 202 2852 ’
260 2851 344 2914 bane
366 2848 450 2914 enim
480 2848 525 2913 ita
559 2847 653 2913 nobis
688 2846 940 2913 communiuntur
979 2861 1016 2917 et

262 2955 401 3039 Spiritus
425 2938 566 3035 sanutus,
589 2973 648 3017 seu
670 2952 744 3036 ipsa
767 2950 942 3031 divinitus,
968 2962 1006 3018 ut
1030 2977 1045 3021 e

261 3061 376 3124 unione
399 3058 575 3123 efficiamur
606 3056 661 3120 filii
684 3056 756 3138 Dei,
780 3062 941 3136 tamquam
971 3078 1045 3141 part

197 3174 200 3180 '
265 3165 372 3229 effeuti
397 3162 525 3239 divinae
549 3168 693 3226 naturae.
