<?xml version="1.0" encoding="UTF-8"?>
<!DOCTYPE html PUBLIC "-//W3C//DTD XHTML 1.0 Transitional//EN"
    "http://www.w3.org/TR/xhtml1/DTD/xhtml1-transitional.dtd">
<html xmlns="http://www.w3.org/1999/xhtml" xml:lang="en" lang="en">
 <head>
  <title>
</title>
<meta http-equiv="Content-Type" content="text/html;charset=utf-8" />
  <meta name='ocr-system' content='tesseract 3.04.00' />
  <meta name='ocr-capabilities' content='ocr_page ocr_carea ocr_par ocr_line ocrx_word'/>
</head>
<body>
  <div class='ocr_page' id='page_1' title='image "./leonardilessiio00lessgoog_0086.png"; bbox 0 0 2817 4317; ppageno 0'>
   <div class='ocr_carea' id='block_1_1' title="bbox 1050 593 1093 664">
    <p class='ocr_par' dir='ltr' id='par_1_1' title="bbox 1050 593 1093 664">
     <span class='ocr_line' id='line_1_1' title="bbox 1050 593 1093 664; baseline -0.023 0"><span class='ocrx_word' id='word_1_1' title='bbox 1050 593 1093 664; x_wconf 77' lang='lat' dir='ltr'><strong><em>st</em></strong></span> 
     </span>
    </p>
   </div>
   <div class='ocr_carea' id='block_1_2' title="bbox 174 772 1155 3584">
    <p class='ocr_par' dir='ltr' id='par_1_2' title="bbox 179 772 1094 1599">
     <span class='ocr_line' id='line_1_2' title="bbox 212 772 1093 868; baseline 0.006 -20"><span class='ocrx_word' id='word_1_2' title='bbox 212 784 298 849; x_wconf 85' lang='lat' dir='ltr'><strong><em>dedor</em></strong></span> <span class='ocrx_word' id='word_1_3' title='bbox 319 786 364 865; x_wconf 76' lang='lat' dir='ltr'><strong><em>ei,</em></strong></span> <span class='ocrx_word' id='word_1_4' title='bbox 385 781 525 849; x_wconf 80' lang='lat' dir='ltr'><strong><em>solutore</em></strong></span> <span class='ocrx_word' id='word_1_5' title='bbox 539 784 639 849; x_wconf 78' lang='lat' dir='ltr'><strong><em>ouius</em></strong></span> <span class='ocrx_word' id='word_1_6' title='bbox 660 787 728 861; x_wconf 86' lang='lat' dir='ltr'><strong><em>mei,</em></strong></span> <span class='ocrx_word' id='word_1_7' title='bbox 744 772 777 850; x_wconf 86' lang='lat' dir='ltr'><strong><em>¹et</em></strong></span> <span class='ocrx_word' id='word_1_8' title='bbox 800 784 885 851; x_wconf 81' lang='lat' dir='ltr'><strong><em>Deos</em></strong></span> <span class='ocrx_word' id='word_1_9' title='bbox 907 804 1002 851; x_wconf 82' lang='lat' dir='ltr'><strong><em>meus.</em></strong></span> <span class='ocrx_word' id='word_1_10' title='bbox 1033 789 1093 868; x_wconf 85' lang='lat' dir='ltr'><strong><em>Qui</em></strong></span> 
     </span>
     <span class='ocr_line' id='line_1_3' title="bbox 210 875 1093 973; baseline 0.008 -21"><span class='ocrx_word' id='word_1_11' title='bbox 210 888 321 962; x_wconf 80' lang='lat' dir='ltr'><strong><em>dedisti</em></strong></span> <span class='ocrx_word' id='word_1_12' title='bbox 336 888 425 967; x_wconf 84' lang='lat' dir='ltr'><strong><em>cede,</em></strong></span> <span class='ocrx_word' id='word_1_13' title='bbox 447 888 537 953; x_wconf 84' lang='lat' dir='ltr'><strong><em>dedis</em></strong></span> <span class='ocrx_word' id='word_1_14' title='bbox 552 875 710 973; x_wconf 71' lang='lat' dir='ltr'><strong><em>perficere,</em></strong></span> <span class='ocrx_word' id='word_1_15' title='bbox 732 891 829 956; x_wconf 83' lang='lat' dir='ltr'><strong><em>donec</em></strong></span> <span class='ocrx_word' id='word_1_16' title='bbox 849 875 985 957; x_wconf 77' lang='lat' dir='ltr'><strong><em>oideoris</em></strong></span> <span class='ocrx_word' id='word_1_17' title='bbox 1007 893 1093 959; x_wconf 84' lang='lat' dir='ltr'><strong><em>Deus</em></strong></span> 
     </span>
     <span class='ocr_line' id='line_1_4' title="bbox 209 990 1094 1082; baseline 0.008 -26"><span class='ocrx_word' id='word_1_18' title='bbox 209 990 408 1082; x_wconf 78' lang='lat' dir='ltr'><strong><em>Deorum&#39;in</em></strong></span> <span class='ocrx_word' id='word_1_19' title='bbox 439 993 524 1057; x_wconf 83' lang='lat' dir='ltr'><strong><em>Sion.</em></strong></span> <span class='ocrx_word' id='word_1_20' title='bbox 568 993 667 1060; x_wconf 81' lang='lat' dir='ltr'><strong><em>Dubis</em></strong></span> <span class='ocrx_word' id='word_1_21' title='bbox 682 999 683 1003; x_wconf 76' lang='grc'>’</span> <span class='ocrx_word' id='word_1_22' title='bbox 696 996 848 1076; x_wconf 70' lang='lat' dir='ltr'><strong><em>uectium,</em></strong></span> <span class='ocrx_word' id='word_1_23' title='bbox 879 996 1026 1078; x_wconf 85' lang='lat' dir='ltr'><strong><em>Domine,</em></strong></span> <span class='ocrx_word' id='word_1_24' title='bbox 1063 1004 1094 1063; x_wconf 86' lang='lat' dir='ltr'><strong><em>ei</em></strong></span> 
     </span>
     <span class='ocr_line' id='line_1_5' title="bbox 179 1096 1091 1184; baseline 0.011 -27"><span class='ocrx_word' id='word_1_25' title='bbox 179 1150 185 1157; x_wconf 84' lang='lat'>.</span> <span class='ocrx_word' id='word_1_26' title='bbox 209 1096 400 1184; x_wconf 82' lang='lat' dir='ltr'><strong><em>udeorimum</em></strong></span> <span class='ocrx_word' id='word_1_27' title='bbox 418 1098 567 1178; x_wconf 74' lang='lat' dir='ltr'><strong><em>prodam,</em></strong></span> <span class='ocrx_word' id='word_1_28' title='bbox 590 1102 642 1180; x_wconf 79' lang='lat' dir='ltr'><strong><em>oui</em></strong></span> <span class='ocrx_word' id='word_1_29' title='bbox 664 1102 776 1164; x_wconf 83' lang='lat' dir='ltr'><strong><em>merito</em></strong></span> <span class='ocrx_word' id='word_1_30' title='bbox 796 1096 970 1180; x_wconf 79' lang='lat' dir='ltr'><strong><em>supplicum</em></strong></span> <span class='ocrx_word' id='word_1_31' title='bbox 1000 1119 1091 1167; x_wconf 85' lang='lat' dir='ltr'><strong><em>eece·</em></strong></span> 
     </span>
     <span class='ocr_line' id='line_1_6' title="bbox 208 1188 1093 1287; baseline 0.01 -24"><span class='ocrx_word' id='word_1_32' title='bbox 208 1188 257 1264; x_wconf 83' lang='lat' dir='ltr'><strong><em>dis</em></strong></span> <span class='ocrx_word' id='word_1_33' title='bbox 282 1204 406 1281; x_wconf 76' lang='lat' dir='ltr'><strong><em>edocto,</em></strong></span> <span class='ocrx_word' id='word_1_34' title='bbox 427 1204 625 1281; x_wconf 79' lang='lat' dir='ltr'><strong><em>perviscera</em></strong></span> <span class='ocrx_word' id='word_1_35' title='bbox 646 1204 879 1268; x_wconf 78' lang='lat' dir='ltr'><strong><em>misericordiae</em></strong></span> <span class='ocrx_word' id='word_1_36' title='bbox 902 1204 1016 1270; x_wconf 84' lang='lat' dir='ltr'><strong><em>Gdoisii</em></strong></span> <span class='ocrx_word' id='word_1_37' title='bbox 1039 1210 1093 1287; x_wconf 85' lang='lat' dir='ltr'><strong><em>toi,</em></strong></span> 
     </span>
     <span class='ocr_line' id='line_1_7' title="bbox 210 1307 1093 1391; baseline 0.01 -24"><span class='ocrx_word' id='word_1_38' title='bbox 210 1307 264 1385; x_wconf 83' lang='lat' dir='ltr'><strong><em>oui</em></strong></span> <span class='ocrx_word' id='word_1_39' title='bbox 284 1307 497 1369; x_wconf 72' lang='lat' dir='ltr'><strong><em>oidiooitoos</em></strong></span> <span class='ocrx_word' id='word_1_40' title='bbox 519 1310 623 1371; x_wconf 76' lang='lat' dir='ltr'><strong><em>oriem</em></strong></span> <span class='ocrx_word' id='word_1_41' title='bbox 642 1322 681 1371; x_wconf 84' lang='lat' dir='ltr'><strong><em>ec</em></strong></span> <span class='ocrx_word' id='word_1_42' title='bbox 702 1307 781 1385; x_wconf 84' lang='lat' dir='ltr'><strong><em>olto,</em></strong></span> <span class='ocrx_word' id='word_1_43' title='bbox 816 1312 868 1390; x_wconf 79' lang='lat' dir='ltr'><strong><em>oui</em></strong></span> <span class='ocrx_word' id='word_1_44' title='bbox 889 1314 936 1373; x_wconf 86' lang='lat' dir='ltr'><strong><em>esi</em></strong></span> <span class='ocrx_word' id='word_1_45' title='bbox 951 1327 1021 1391; x_wconf 83' lang='lat' dir='ltr'><strong><em>spes</em></strong></span> <span class='ocrx_word' id='word_1_46' title='bbox 1036 1329 1093 1376; x_wconf 90' lang='lat' dir='ltr'><strong><em>no-</em></strong></span> 
     </span>
     <span class='ocr_line' id='line_1_8' title="bbox 210 1412 1094 1496; baseline 0.006 -22"><span class='ocrx_word' id='word_1_47' title='bbox 210 1416 286 1482; x_wconf 84' lang='lat' dir='ltr'><strong><em>stro,</em></strong></span> <span class='ocrx_word' id='word_1_48' title='bbox 305 1415 338 1496; x_wconf 85' lang='lat' dir='ltr'><strong><em>et¹</em></strong></span> <span class='ocrx_word' id='word_1_49' title='bbox 350 1412 535 1475; x_wconf 81' lang='lat' dir='ltr'><strong><em>desiderium</em></strong></span> <span class='ocrx_word' id='word_1_50' title='bbox 558 1413 680 1477; x_wconf 82' lang='lat' dir='ltr'><strong><em>coliium</em></strong></span> <span class='ocrx_word' id='word_1_51' title='bbox 701 1419 906 1478; x_wconf 81' lang='lat' dir='ltr'><strong><em>aeternorum.</em></strong></span> <span class='ocrx_word' id='word_1_52' title='bbox 951 1413 1094 1479; x_wconf 87' lang='lat' dir='ltr'><strong><em>Modiooe</em></strong></span> 
     </span>
     <span class='ocr_line' id='line_1_9' title="bbox 207 1510 595 1599; baseline -0.008 -17"><span class='ocrx_word' id='word_1_53' title='bbox 207 1516 282 1597; x_wconf 76' lang='lat' dir='ltr'><strong><em>fidei</em></strong></span> <span class='ocrx_word' id='word_1_54' title='bbox 298 1513 376 1599; x_wconf 77' lang='lat' dir='ltr'><strong><em>quid</em></strong></span> <span class='ocrx_word' id='word_1_55' title='bbox 393 1510 595 1581; x_wconf 76' lang='lat' dir='ltr'><strong><em>dotatomoi?</em></strong></span> 
     </span>
    </p>

    <p class='ocr_par' dir='ltr' id='par_1_3' title="bbox 174 1602 1155 3584">
     <span class='ocr_line' id='line_1_10' title="bbox 254 1602 1092 1703; baseline -0.001 -18"><span class='ocrx_word' id='word_1_56' title='bbox 254 1618 414 1702; x_wconf 74' lang='lat' dir='ltr'><strong><em>Cogitasti</em></strong></span> <span class='ocrx_word' id='word_1_57' title='bbox 437 1602 592 1684; x_wconf 79' lang='lat' dir='ltr'><strong><em>danobis</em></strong></span> <span class='ocrx_word' id='word_1_58' title='bbox 615 1619 831 1703; x_wconf 82' lang='lat' dir='ltr'><strong><em>cogitationes</em></strong></span> <span class='ocrx_word' id='word_1_59' title='bbox 847 1622 948 1703; x_wconf 83' lang='lat' dir='ltr'><strong><em>pacis,</em></strong></span> <span class='ocrx_word' id='word_1_60' title='bbox 972 1628 1006 1685; x_wconf 86' lang='lat' dir='ltr'><strong><em>et</em></strong></span> <span class='ocrx_word' id='word_1_61' title='bbox 1027 1639 1092 1685; x_wconf 94' lang='lat' dir='ltr'><strong><em>non</em></strong></span> 
     </span>
     <span class='ocr_line' id='line_1_11' title="bbox 208 1723 1093 1806; baseline 0 -17"><span class='ocrx_word' id='word_1_62' title='bbox 208 1723 421 1806; x_wconf 84' lang='lat' dir='ltr'><strong><em>afflictionis,·</em></strong></span> <span class='ocrx_word' id='word_1_63' title='bbox 440 1724 654 1806; x_wconf 83' lang='lat' dir='ltr'><strong><em>cogitationes</em></strong></span> <span class='ocrx_word' id='word_1_64' title='bbox 686 1725 801 1789; x_wconf 85' lang='lat' dir='ltr'><strong><em>salutis</em></strong></span> <span class='ocrx_word' id='word_1_65' title='bbox 835 1732 869 1789; x_wconf 88' lang='lat' dir='ltr'><strong><em>et</em></strong></span> <span class='ocrx_word' id='word_1_66' title='bbox 898 1743 959 1790; x_wconf 89' lang='lat' dir='ltr'><strong><em>uon</em></strong></span> <span class='ocrx_word' id='word_1_67' title='bbox 982 1726 1093 1789; x_wconf 58' lang='lat' dir='ltr'><strong><em>interis</em></strong></span> 
     </span>
     <span class='ocr_line' id='line_1_12' title="bbox 209 1819 1091 1918; baseline 0 -25"><span class='ocrx_word' id='word_1_68' title='bbox 209 1836 278 1911; x_wconf 87' lang='lat' dir='ltr'><strong><em>tus,</em></strong></span> <span class='ocrx_word' id='word_1_69' title='bbox 298 1834 335 1893; x_wconf 86' lang='lat' dir='ltr'><strong><em>ut</em></strong></span> <span class='ocrx_word' id='word_1_70' title='bbox 355 1839 416 1893; x_wconf 82' lang='lat' dir='ltr'><strong><em>nos</em></strong></span> <span class='ocrx_word' id='word_1_71' title='bbox 437 1827 526 1892; x_wconf 85' lang='lat' dir='ltr'><strong><em>vitae</em></strong></span> <span class='ocrx_word' id='word_1_72' title='bbox 544 1837 696 1896; x_wconf 81' lang='lat' dir='ltr'>aeternae</span> <span class='ocrx_word' id='word_1_73' title='bbox 720 1837 753 1892; x_wconf 92' lang='lat' dir='ltr'><strong><em>et</em></strong></span> <span class='ocrx_word' id='word_1_74' title='bbox 774 1819 919 1918; x_wconf 90' lang='lat' dir='ltr'><strong><em>omnium</em></strong></span> <span class='ocrx_word' id='word_1_75' title='bbox 934 1832 1091 1894; x_wconf 88' lang='lat' dir='ltr'><strong><em>bonorum</em></strong></span> 
     </span>
     <span class='ocr_line' id='line_1_13' title="bbox 211 1915 1092 2015; baseline -0.001 -18"><span class='ocrx_word' id='word_1_76' title='bbox 211 1915 339 2015; x_wconf 83' lang='lat' dir='ltr'><strong><em>tuorum</em></strong></span> <span class='ocrx_word' id='word_1_77' title='bbox 372 1939 543 1997; x_wconf 79' lang='lat' dir='ltr'><strong><em>consortes</em></strong></span> <span class='ocrx_word' id='word_1_78' title='bbox 573 1932 735 1998; x_wconf 81' lang='lat' dir='ltr'><strong><em>efficeres.</em></strong></span> <span class='ocrx_word' id='word_1_79' title='bbox 778 1932 851 1995; x_wconf 92' lang='lat' dir='ltr'><strong><em>Non</em></strong></span> <span class='ocrx_word' id='word_1_80' title='bbox 874 1929 1009 2004; x_wconf 84' lang='lat' dir='ltr'><strong><em>occultis</em></strong></span> <span class='ocrx_word' id='word_1_81' title='bbox 1034 1932 1092 1996; x_wconf 88' lang='lat' dir='ltr'><strong><em>de·</em></strong></span> 
     </span>
     <span class='ocr_line' id='line_1_14' title="bbox 212 2023 1155 2121; baseline -0.003 -19"><span class='ocrx_word' id='word_1_82' title='bbox 212 2036 320 2121; x_wconf 81' lang='lat' dir='ltr'><strong><em>oretis</em></strong></span> <span class='ocrx_word' id='word_1_83' title='bbox 337 2036 432 2100; x_wconf 80' lang='lat' dir='ltr'><strong><em>saluti</em></strong></span> <span class='ocrx_word' id='word_1_84' title='bbox 446 2042 587 2101; x_wconf 71' lang='lat' dir='ltr'><strong><em>&#39;nostrae</em></strong></span> <span class='ocrx_word' id='word_1_85' title='bbox 610 2036 853 2119; x_wconf 77' lang='lat' dir='ltr'><strong><em>praeiudicasti,</em></strong></span> <span class='ocrx_word' id='word_1_86' title='bbox 886 2023 990 2117; x_wconf 82' lang='lat' dir='ltr'><strong><em>neque</em></strong></span> <span class='ocrx_word' id='word_1_87' title='bbox 1013 2029 1090 2118; x_wconf 81' lang='lat' dir='ltr'><strong><em>gra·</em></strong></span> <span class='ocrx_word' id='word_1_88' title='bbox 1153 2033 1155 2035; x_wconf 71' lang='grc'><strong>’</strong></span> 
     </span>
     <span class='ocr_line' id='line_1_15' title="bbox 213 2139 1090 2232; baseline -0.001 -27"><span class='ocrx_word' id='word_1_89' title='bbox 213 2141 268 2205; x_wconf 86' lang='lat' dir='ltr'><strong><em>iiis</em></strong></span> <span class='ocrx_word' id='word_1_90' title='bbox 291 2140 476 2225; x_wconf 75' lang='lat' dir='ltr'><strong><em>incongruis</em></strong></span> <span class='ocrx_word' id='word_1_91' title='bbox 499 2140 630 2205; x_wconf 85' lang='lat' dir='ltr'><strong><em>selectis</em></strong></span> <span class='ocrx_word' id='word_1_92' title='bbox 653 2142 683 2204; x_wconf 94' lang='lat' dir='ltr'><strong><em>ei</em></strong></span> <span class='ocrx_word' id='word_1_93' title='bbox 707 2140 806 2203; x_wconf 79' lang='lat' dir='ltr'><strong><em>ueluti</em></strong></span> <span class='ocrx_word' id='word_1_94' title='bbox 826 2139 1005 2232; x_wconf 78' lang='lat' dir='ltr'><strong><em>inpidiaris3</em></strong></span> <span class='ocrx_word' id='word_1_95' title='bbox 1030 2139 1090 2204; x_wconf 88' lang='lat' dir='ltr'><strong><em>sed</em></strong></span> 
     </span>
     <span class='ocr_line' id='line_1_16' title="bbox 211 2222 1094 2328; baseline -0.001 -18"><span class='ocrx_word' id='word_1_96' title='bbox 211 2244 310 2326; x_wconf 86' lang='lat' dir='ltr'><strong><em>serio,</em></strong></span> <span class='ocrx_word' id='word_1_97' title='bbox 333 2264 396 2310; x_wconf 91' lang='lat' dir='ltr'><strong><em>non</em></strong></span> <span class='ocrx_word' id='word_1_98' title='bbox 418 2245 449 2309; x_wconf 92' lang='lat' dir='ltr'><strong><em>in</em></strong></span> <span class='ocrx_word' id='word_1_99' title='bbox 473 2246 631 2328; x_wconf 89' lang='lat' dir='ltr'><strong><em>speciem,</em></strong></span> <span class='ocrx_word' id='word_1_100' title='bbox 669 2265 739 2310; x_wconf 83' lang='lat' dir='ltr'><strong><em>eam</em></strong></span> <span class='ocrx_word' id='word_1_101' title='bbox 762 2222 939 2326; x_wconf 64' lang='lat' dir='ltr'><strong><em>desideres,</em></strong></span> <span class='ocrx_word' id='word_1_102' title='bbox 963 2252 996 2309; x_wconf 87' lang='lat' dir='ltr'><strong><em>st</em></strong></span> <span class='ocrx_word' id='word_1_103' title='bbox 1016 2263 1094 2328; x_wconf 83' lang='lat' dir='ltr'><strong><em>pro·</em></strong></span> 
     </span>
     <span class='ocr_line' id='line_1_17' title="bbox 211 2348 1093 2429; baseline -0.002 -14"><span class='ocrx_word' id='word_1_104' title='bbox 211 2369 316 2416; x_wconf 86' lang='lat' dir='ltr'><strong><em>ouras.</em></strong></span> <span class='ocrx_word' id='word_1_105' title='bbox 361 2348 398 2414; x_wconf 90' lang='lat' dir='ltr'><strong><em>Si</em></strong></span> <span class='ocrx_word' id='word_1_106' title='bbox 416 2350 513 2414; x_wconf 82' lang='lat' dir='ltr'><strong><em>-eni&#39;m</em></strong></span> <span class='ocrx_word' id='word_1_107' title='bbox 543 2369 613 2415; x_wconf 90' lang='lat' dir='ltr'><strong><em>oum</em></strong></span> <span class='ocrx_word' id='word_1_108' title='bbox 648 2350 755 2414; x_wconf 90' lang='lat' dir='ltr'><strong><em>adhuc</em></strong></span> <span class='ocrx_word' id='word_1_109' title='bbox 787 2350 903 2413; x_wconf 86' lang='lat' dir='ltr'><strong><em>inimici</em></strong></span> <span class='ocrx_word' id='word_1_110' title='bbox 938 2368 1093 2429; x_wconf 83' lang='lat' dir='ltr'><strong><em>essemus,</em></strong></span> 
     </span>
     <span class='ocr_line' id='line_1_18' title="bbox 213 2450 1093 2539; baseline 0 -22"><span class='ocrx_word' id='word_1_111' title='bbox 213 2453 328 2518; x_wconf 76' lang='lat' dir='ltr'><strong><em>Filium</em></strong></span> <span class='ocrx_word' id='word_1_112' title='bbox 343 2472 405 2539; x_wconf 85' lang='lat' dir='ltr'><strong><em>pro</em></strong></span> <span class='ocrx_word' id='word_1_113' title='bbox 421 2455 513 2520; x_wconf 89' lang='lat' dir='ltr'><strong><em>nobis</em></strong></span> <span class='ocrx_word' id='word_1_114' title='bbox 531 2456 613 2518; x_wconf 85' lang='lat' dir='ltr'><strong><em>mori</em></strong></span> <span class='ocrx_word' id='word_1_115' title='bbox 635 2456 778 2534; x_wconf 87' lang='lat' dir='ltr'><strong><em>voluisti,</em></strong></span> <span class='ocrx_word' id='word_1_116' title='bbox 790 2450 834 2517; x_wconf 82' lang='lat' dir='ltr'><strong><em>&#39;et</em></strong></span> <span class='ocrx_word' id='word_1_117' title='bbox 856 2473 917 2535; x_wconf 85' lang='lat' dir='ltr'><strong><em>per</em></strong></span> <span class='ocrx_word' id='word_1_118' title='bbox 931 2453 1003 2537; x_wconf 86' lang='lat' dir='ltr'><strong><em>ejus</em></strong></span> <span class='ocrx_word' id='word_1_119' title='bbox 1027 2473 1093 2518; x_wconf 88' lang='lat' dir='ltr'><strong><em>me-</em></strong></span> 
     </span>
     <span class='ocr_line' id='line_1_19' title="bbox 212 2556 1093 2640; baseline -0.002 -16"><span class='ocrx_word' id='word_1_120' title='bbox 212 2558 276 2624; x_wconf 88' lang='lat' dir='ltr'><strong><em>rita</em></strong></span> <span class='ocrx_word' id='word_1_121' title='bbox 298 2576 357 2623; x_wconf 90' lang='lat' dir='ltr'><strong><em>nos</em></strong></span> <span class='ocrx_word' id='word_1_122' title='bbox 378 2558 436 2621; x_wconf 84' lang='lat' dir='ltr'><strong><em>tibi</em></strong></span> <span class='ocrx_word' id='word_1_123' title='bbox 458 2560 490 2624; x_wconf 92' lang='lat' dir='ltr'><strong><em>in</em></strong></span> <span class='ocrx_word' id='word_1_124' title='bbox 512 2558 599 2622; x_wconf 87' lang='lat' dir='ltr'><strong><em>filios</em></strong></span> <span class='ocrx_word' id='word_1_125' title='bbox 622 2558 808 2640; x_wconf 82' lang='lat' dir='ltr'><strong><em>adoptasti3</em></strong></span> <span class='ocrx_word' id='word_1_126' title='bbox 843 2562 964 2640; x_wconf 85' lang='lat' dir='ltr'><strong><em>quanta</em></strong></span> <span class='ocrx_word' id='word_1_127' title='bbox 985 2556 1093 2622; x_wconf 86' lang='lat' dir='ltr'><strong><em>sinee-</em></strong></span> 
     </span>
     <span class='ocr_line' id='line_1_20' title="bbox 211 2660 1091 2746; baseline -0.001 -21"><span class='ocrx_word' id='word_1_128' title='bbox 211 2662 310 2726; x_wconf 84' lang='lat' dir='ltr'><strong><em>ritate</em></strong></span> <span class='ocrx_word' id='word_1_129' title='bbox 346 2660 415 2746; x_wconf 88' lang='lat' dir='ltr'><strong><em>jam</em></strong></span> <span class='ocrx_word' id='word_1_130' title='bbox 453 2681 534 2746; x_wconf 83' lang='lat' dir='ltr'><strong><em>ages</em></strong></span> <span class='ocrx_word' id='word_1_131' title='bbox 559 2664 743 2745; x_wconf 84' lang='lat' dir='ltr'><strong><em>nobiscum,</em></strong></span> <span class='ocrx_word' id='word_1_132' title='bbox 775 2661 905 2746; x_wconf 87' lang='lat' dir='ltr'><strong><em>quando</em></strong></span> <span class='ocrx_word' id='word_1_133' title='bbox 934 2660 1002 2744; x_wconf 88' lang='lat' dir='ltr'><strong><em>jam</em></strong></span> <span class='ocrx_word' id='word_1_134' title='bbox 1035 2661 1091 2725; x_wconf 90' lang='lat' dir='ltr'><strong><em>filii</em></strong></span> 
     </span>
     <span class='ocr_line' id='line_1_21' title="bbox 210 2763 1091 2851; baseline -0.001 -21"><span class='ocrx_word' id='word_1_135' title='bbox 210 2782 320 2830; x_wconf 86' lang='lat' dir='ltr'><strong><em>sumus</em></strong></span> <span class='ocrx_word' id='word_1_136' title='bbox 343 2764 458 2845; x_wconf 83' lang='lat' dir='ltr'><strong><em>effecti,</em></strong></span> <span class='ocrx_word' id='word_1_137' title='bbox 472 2773 514 2829; x_wconf 84' lang='lat' dir='ltr'><strong><em>et</em></strong></span> <span class='ocrx_word' id='word_1_138' title='bbox 536 2764 660 2851; x_wconf 84' lang='lat' dir='ltr'><strong><em>Spiritu</em></strong></span> <span class='ocrx_word' id='word_1_139' title='bbox 682 2763 743 2830; x_wconf 83' lang='lat' dir='ltr'><strong><em>tuo&#39;</em></strong></span> <span class='ocrx_word' id='word_1_140' title='bbox 757 2764 922 2844; x_wconf 86' lang='lat' dir='ltr'><strong><em>vivificati,</em></strong></span> <span class='ocrx_word' id='word_1_141' title='bbox 942 2769 1091 2848; x_wconf 64' lang='lat' dir='ltr'><strong><em>ut&#39;pama</em></strong></span> 
     </span>
     <span class='ocr_line' id='line_1_22' title="bbox 209 2868 1088 2955; baseline -0.003 -20"><span class='ocrx_word' id='word_1_142' title='bbox 209 2878 274 2936; x_wconf 88' lang='lat' dir='ltr'><strong><em>tam</em></strong></span> <span class='ocrx_word' id='word_1_143' title='bbox 297 2869 530 2934; x_wconf 83' lang='lat' dir='ltr'><strong><em>haereditatem</em></strong></span> <span class='ocrx_word' id='word_1_144' title='bbox 552 2870 689 2955; x_wconf 88' lang='lat' dir='ltr'><strong><em>adipisci</em></strong></span> <span class='ocrx_word' id='word_1_145' title='bbox 715 2869 903 2955; x_wconf 63' lang='lat' dir='ltr'><strong><em>possimus?</em></strong></span> <span class='ocrx_word' id='word_1_146' title='bbox 948 2868 1007 2932; x_wconf 92' lang='lat' dir='ltr'><strong><em>Vel</em></strong></span> <span class='ocrx_word' id='word_1_147' title='bbox 1025 2871 1088 2933; x_wconf 90' lang='lat' dir='ltr'><strong><em>hoc</em></strong></span> 
     </span>
     <span class='ocr_line' id='line_1_23' title="bbox 209 2971 1089 3056; baseline -0.002 -17"><span class='ocrx_word' id='word_1_148' title='bbox 209 2992 306 3039; x_wconf 91' lang='lat' dir='ltr'><strong><em>unnm</em></strong></span> <span class='ocrx_word' id='word_1_149' title='bbox 338 2971 465 3037; x_wconf 83' lang='lat' dir='ltr'>abunde</span> <span class='ocrx_word' id='word_1_150' title='bbox 498 2971 639 3037; x_wconf 83' lang='lat' dir='ltr'><strong><em>sufficiat</em></strong></span> <span class='ocrx_word' id='word_1_151' title='bbox 672 2973 703 3037; x_wconf 92' lang='lat' dir='ltr'><strong><em>in</em></strong></span> <span class='ocrx_word' id='word_1_152' title='bbox 731 2974 855 3056; x_wconf 82' lang='lat' dir='ltr'><strong><em>signum</em></strong></span> <span class='ocrx_word' id='word_1_153' title='bbox 878 2974 1089 3038; x_wconf 77' lang='lat' dir='ltr'><strong><em>sincerissimi</em></strong></span> 
     </span>
     <span class='ocr_line' id='line_1_24' title="bbox 210 3075 1090 3160; baseline 0 -20"><span class='ocrx_word' id='word_1_154' title='bbox 210 3077 346 3157; x_wconf 83' lang='lat' dir='ltr'><strong><em>amoris,</em></strong></span> <span class='ocrx_word' id='word_1_155' title='bbox 375 3076 416 3140; x_wconf 88' lang='lat' dir='ltr'><strong><em>ad</em></strong></span> <span class='ocrx_word' id='word_1_156' title='bbox 440 3093 563 3140; x_wconf 90' lang='lat' dir='ltr'><strong><em>omnem</em></strong></span> <span class='ocrx_word' id='word_1_157' title='bbox 584 3075 746 3140; x_wconf 86' lang='lat' dir='ltr'><strong><em>sinistram</em></strong></span> <span class='ocrx_word' id='word_1_158' title='bbox 767 3077 1027 3160; x_wconf 80' lang='lat' dir='ltr'><strong><em>imaginationem</em></strong></span> <span class='ocrx_word' id='word_1_159' title='bbox 1049 3095 1090 3140; x_wconf 89' lang='lat' dir='ltr'><strong><em>ac</em></strong></span> 
     </span>
     <span class='ocr_line' id='line_1_25' title="bbox 174 3182 688 3269; baseline -0.008 -20"><span class='ocrx_word' id='word_1_160' title='bbox 174 3257 178 3269; x_wconf 88' lang='lat'><em>.</em></span> <span class='ocrx_word' id='word_1_161' title='bbox 211 3184 432 3268; x_wconf 79' lang='lat' dir='ltr'><strong><em>suspicionem</em></strong></span> <span class='ocrx_word' id='word_1_162' title='bbox 453 3182 688 3269; x_wconf 87' lang='lat' dir='ltr'><strong><em>depellendam.</em></strong></span> 
     </span>
     <span class='ocr_line' id='line_1_26' title="bbox 209 3286 1088 3369; baseline -0.006 -16"><span class='ocrx_word' id='word_1_163' title='bbox 209 3313 214 3324; x_wconf 67' lang='lat'><strong><em>¹</em></strong></span> <span class='ocrx_word' id='word_1_164' title='bbox 254 3286 388 3353; x_wconf 83' lang='lat' dir='ltr'><strong><em>Jnssisti</em></strong></span> <span class='ocrx_word' id='word_1_165' title='bbox 402 3303 462 3353; x_wconf 82' lang='lat' dir='ltr'><strong><em>nos</em></strong></span> <span class='ocrx_word' id='word_1_166' title='bbox 481 3307 557 3353; x_wconf 85' lang='lat' dir='ltr'><strong><em>esse</em></strong></span> <span class='ocrx_word' id='word_1_167' title='bbox 575 3305 708 3353; x_wconf 78' lang='lat' dir='ltr'><strong><em>securem</em></strong></span> <span class='ocrx_word' id='word_1_168' title='bbox 731 3307 772 3350; x_wconf 88' lang='lat' dir='ltr'><strong><em>ex</em></strong></span> <span class='ocrx_word' id='word_1_169' title='bbox 787 3293 881 3369; x_wconf 83' lang='lat' dir='ltr'><strong><em>parte</em></strong></span> <span class='ocrx_word' id='word_1_170' title='bbox 904 3293 968 3366; x_wconf 87' lang='lat' dir='ltr'><strong><em>tua,</em></strong></span> <span class='ocrx_word' id='word_1_171' title='bbox 990 3299 1088 3367; x_wconf 86' lang='lat' dir='ltr'><strong><em>prae-</em></strong></span> 
     </span>
     <span class='ocr_line' id='line_1_27' title="bbox 211 3380 1091 3483; baseline 0.005 -28"><span class='ocrx_word' id='word_1_172' title='bbox 211 3380 328 3483; x_wconf 78' lang='lat' dir='ltr'><strong><em>parato</em></strong></span> <span class='ocrx_word' id='word_1_173' title='bbox 350 3393 445 3458; x_wconf 87' lang='lat' dir='ltr'><strong><em>nobis</em></strong></span> <span class='ocrx_word' id='word_1_174' title='bbox 467 3395 604 3474; x_wconf 88' lang='lat' dir='ltr'><strong><em>auxilio,</em></strong></span> <span class='ocrx_word' id='word_1_175' title='bbox 635 3413 700 3477; x_wconf 90' lang='lat' dir='ltr'><strong><em>quo</em></strong></span> <span class='ocrx_word' id='word_1_176' title='bbox 730 3396 914 3461; x_wconf 82' lang='lat' dir='ltr'><strong><em>certissime</em></strong></span> <span class='ocrx_word' id='word_1_177' title='bbox 931 3393 1091 3479; x_wconf 84' lang='lat' dir='ltr'><strong><em>justitiam</em></strong></span> 
     </span>
     <span class='ocr_line' id='line_1_28' title="bbox 210 3495 1094 3584; baseline 0.005 -23"><span class='ocrx_word' id='word_1_178' title='bbox 210 3496 420 3563; x_wconf 81' lang='lat' dir='ltr'><strong><em>retinebimus</em></strong></span> <span class='ocrx_word' id='word_1_179' title='bbox 443 3505 477 3565; x_wconf 87' lang='lat' dir='ltr'><strong><em>et</em></strong></span> <span class='ocrx_word' id='word_1_180' title='bbox 499 3496 587 3565; x_wconf 82' lang='lat' dir='ltr'><strong><em>salvi</em></strong></span> <span class='ocrx_word' id='word_1_181' title='bbox 609 3499 739 3583; x_wconf 86' lang='lat' dir='ltr'><strong><em>erimus,</em></strong></span> <span class='ocrx_word' id='word_1_182' title='bbox 766 3495 827 3565; x_wconf 90' lang='lat' dir='ltr'><strong><em>nisi</em></strong></span> <span class='ocrx_word' id='word_1_183' title='bbox 849 3502 911 3584; x_wconf 84' lang='lat' dir='ltr'><strong><em>per</em></strong></span> <span class='ocrx_word' id='word_1_184' title='bbox 932 3518 993 3566; x_wconf 85' lang='lat' dir='ltr'><strong><em>nos</em></strong></span> <span class='ocrx_word' id='word_1_185' title='bbox 1024 3504 1094 3565; x_wconf 84' lang='lat' dir='ltr'><strong><em>ste··</em></strong></span> 
     </span>
    </p>
   </div>
   <div class='ocr_carea' id='block_1_3' title="bbox 0 0 1414 4317">
    <p class='ocr_par' dir='ltr' id='par_1_4' title="bbox 0 0 1414 4317">
     <span class='ocr_line' id='line_1_29' title="bbox 0 0 1414 4317; baseline 0 0"><span class='ocrx_word' id='word_1_186' title='bbox 0 0 1414 4317; x_wconf 95' lang='lat' dir='ltr'><strong><em> </em></strong></span> 
     </span>
    </p>
   </div>
  </div>
 </body>
</html>
