2817 4317
263 518 332 625 aa

186 707 189 715 '
267 715 317 798 tot
338 708 413 774 aliie
435 706 617 774 nominibus
638 712 673 771 et
695 705 795 770 titulis
817 705 901 770 haee
919 690 980 771 tibi
1004 705 1073 772 sint
1094 709 1151 776 ub·

267 816 366 882 noxia
384 820 417 879 et
440 812 574 879 debitat
618 810 722 875 Debet
740 810 900 893 quispiam
915 810 1029 883 deoem
1049 813 1151 882 millia

267 920 460 986 talentorum
482 915 621 1001 principi
640 934 682 979 ex
696 915 794 994 furto,
816 921 849 978 et
863 914 926 982 alia
947 915 1066 983 deoem
1083 919 1151 986 mil·

266 1025 312 1090 lia
330 1044 370 1088 ex
394 1024 509 1089 damno
534 1021 627 1099 dato,
651 1025 682 1082 et
705 1018 770 1083 alia
800 1038 842 1086 ex
864 1026 981 1100 mutuo,
1012 1029 1047 1086 et
1081 1030 1151 1088 tau·

269 1127 400 1193 tuudem
441 1147 481 1196 ex
517 1123 698 1209 emptione3
742 1124 840 1188 babet
872 1130 995 1199 tantum
1027 1128 1151 1194 minuta

267 1232 347 1298 dno:
382 1250 422 1295 an
450 1228 602 1313 prineepr
636 1226 691 1292 ille
724 1228 850 1311 putabit
869 1227 995 1293 duobus
1018 1231 1152 1305 minutis

268 1336 332 1400 sibi
355 1354 416 1421 pro
441 1341 488 1397 tot
507 1332 627 1399 debitis
644 1337 707 1395 tam
722 1332 906 1414 ingentibus
921 1334 1152 1404 satisfactum?

270 1439 398 1503 minime
419 1436 570 1520 gentium.
615 1433 683 1514 Sed
706 1436 791 1525 bueo
809 1448 861 1502 est
882 1434 1011 1502 bouitas
1034 1447 1071 1504 et
1093 1440 1150 1505 mi·

271 1540 452 1628 seriuordia
479 1548 542 1603 tna.
593 1536 663 1602 Etsi
695 1546 786 1606 tanta
817 1551 849 1606 et
885 1550 933 1607 tut
968 1544 1152 1611 nominibus

267 1644 325 1709 tibi
349 1644 544 1723 debeamus3
578 1649 683 1707 tamen
716 1645 746 1708 si
778 1644 843 1709 duo
871 1653 984 1711 nostra
1016 1648 1152 1730 minuta,

268 1750 402 1836 animam
427 1749 552 1815 scilieet
575 1755 607 1811 et
630 1764 766 1832 eorpus,
786 1750 943 1834 obsequio
967 1761 1024 1816 tuo
1046 1753 1152 1819 tradi·

266 1872 346 1936 mus,
368 1853 563 1936 aequiesuis,
587 1859 618 1915 et
639 1853 721 1916 satis
744 1853 800 1916 tibi
811 1854 936 1917 laetum
952 1859 1064 1937 putas,
1085 1875 1152 1921 ma·

265 1958 338 2039 jora
362 1976 426 2022 nou
450 1957 601 2040 exigens,
615 1964 661 2021 ,et
683 1964 790 2023 tamen
813 1976 853 2021 ea
872 1957 947 2039 ipsa
969 1956 1001 2019 iu
1026 1978 1065 2021 re
1090 1978 1151 2024 uon

263 2061 322 2125 tibi
344 2080 533 2146 prosumus,
562 2061 622 2125 sed
647 2062 740 2130 uobis
760 2061 964 2126 consulimus.
989 2060 1152 2147 ,Servus

265 2166 348 2230 enim
373 2165 440 2241 tibi,
460 2184 600 2247 regnare
623 2173 694 2246 est;
718 2173 751 2229 et
773 2165 919 2230 omnibns
941 2152 1069 2238 reliolis
1096 2171 1152 2237 tibi

263 2267 326 2333 soli
359 2269 593 2347 vaeare,.soli
624 2270 807 2349 inhaerere,
839 2287 992 2334 summum
1029 2275 1151 2340 bonnm

264 2380 417 2440 nostrum
461 2370 533 2436 Vae
556 2375 737 2439 mortalium
761 2373 930 2456 oaeeitati,
954 2392 1046 2457 quae·
1065 2378 1152 2445 baeu

261 2496 324 2543 uon
360 2476 564 2542 considerat!
595 2477 738 2542 illumina
771 2479 922 2541 tenebras
952 2498 1058 2560 meas,
1097 2483 1150 2548 lux

262 2602 353 2665 mea,
384 2589 418 2654 nt
439 2581 689 2667 magnitudinem
713 2580 955 2648 misericordiae
985 2588 1083 2667 tuae,
1121 2592 1151 2674 et

262 2685 495 2751 multitudinem
518 2686 756 2751 miserationum
790 2692 913 2750 tuarum
938 2704 1150 2771 eognoseam,

262 2798 297 2855 et
318 2790 480 2874 eognitam
510 2790 692 2867 aestimem,
719 2798 751 2855 et
773 2791 841 2854 suis
864 2789 1055 2873 appreoiem
1082 2814 1156 2861 me·-

261 2895 395 2976 meutis,
424 2888 580 2976 ¹qnantum
613 2894 663 2959 ias
696 2894 727 2957 in
756 2893 901 2958 tenebris
923 2892 1021 2976 bujus
1047 2897 1152 2981 vitae,

263 3018 367 3084 eaque
393 2999 469 3063 mibi
500 3005 629 3082 semper
665 2998 708 3063 ob
744 2998 855 3063 oeulos
889 3005 1085 3081 versentur,
1119 3010 1151 3068 ut

262 3105 367 3168 anima
389 3122 462 3167 mea
483 3107 573 3167 tauta
605 3101 819 3185 benignitate,
851 3102 1014 3186 tantisque
1044 3106 1150 3174 bene·

188 3201 191 3206 “
261 3206 344 3274 fieiis
372 3213 569 3290 provueata,
603 3206 743 3272 vioissim
766 3205 977 3270 inflammetur
999 3206 1034 3271 in
1055 3229 1150 3280 amo·

261 3332 328 3378 rem
351 3311 412 3392 tui,
445 3329 546 3393 seque
568 3317 668 3376 totam
695 3310 754 3376 tibi
777 3310 945 3404 devoveat
968 3318 1001 3375 et
1025 3331 1148 3383 eonse-

262 3424 342 3484 oret.
387 3414 518 3483 Serviat
541 3415 598 3481 tibi
620 3415 724 3481 omnis
746 3415 811 3480 vita
834 3433 921 3496 mea;
955 3414 1084 3486 intenta
1110 3423 1150 3488 sit
