2817 4317
1070 549 1134 616 265

247 740 364 805 mima
388 737 515 823 quidem
539 759 580 805 ex
599 747 692 822 parte
708 760 746 804 ea
762 758 882 823 capere
899 741 1012 823 possit.
1050 738 1133 804 Ani·

249 841 302 908 ma
324 845 469 909 eeutiens
492 845 535 907 ita
558 853 609 908 est
635 844 765 909 elevata
789 864 889 927 supra
915 854 1132 928 vegetantem,

245 955 282 1014 ut
305 939 378 1031 pluo
401 949 443 1013 sit
458 947 707 1031 pulchritudinis
722 950 753 1012 in
768 968 831 1013 una
847 949 1013 1029 sentiente,
1036 970 1131 1032 quam

245 1054 277 1118 in
301 1054 447 1118 omnihus
471 1053 700 1137 vegetantibus
724 1053 817 1117 simul
835 1052 968 1137 junctis.

290 1158 429 1239 Quoties
451 1159 574 1237 gradus
598 1165 649 1221 est
671 1157 703 1220 in
728 1158 835 1222 anima
859 1151 1018 1239 rationali,
1049 1177 1132 1240 quae

245 1262 545 1345 incomparabiliter
576 1268 626 1325 ost
658 1259 841 1344 pulchrior,
875 1279 969 1343 quam
1002 1260 1129 1326 animae

244 1366 421 1430 sensitivae
443 1385 555 1431 omnes
579 1364 672 1429 simul
689 1365 840 1448 junctae..

292 1466 571 1555 beringerius
595 1469 696 1533 est-in
721 1479 835 1533 natura
860 1468 1021 1548 angelica,
1046 1487 1131 1549 quae

247 1573 356 1639 adhuc
378 1575 476 1656 longe
499 1574 667 1640 sublimior
695 1592 737 1638 ao
758 1571 1039 1656 splendidior-est
1062 1574 1131 1636 aoi-

247 1698 300 1743 ma
324 1679 483 1743 rationali.
808 1746 811 1752 ,

290 1784 405 1850 Seuius
426 1781 549 1865 gradus
568 1788 618 1846 est
633 1782 814 1869 Beatorum,
837 1799 971 1863 quorum
987 1780 1131 1865 pulchri·

246 1884 326 1950 tudo
342 1894 478 1970 superat
493 1885 763 1969 pulchritudinem
778 1871 878 1948 totius
895 1885 1049 1967 universi,
1067 1885 1128 1950 eti·

244 1989 324 2054 amsi
349 1997 417 2053 tota
441 1990 471 2053 in
496 2008 588 2053 onam
616 1990 752 2055 formam
777 1987 958 2070 colligatur.

287 2095 443 2174 Septimus
474 2094 600 2176 grados·
628 2101 679 2157 est
709 2091 956 2177 pulchritudinis
987 2078 1128 2173 diuinae,

244 2195 276 2261 iu
301 2216 363 2279 qua
387 2198 490 2262 omnis
510 2185 896 2281 pulchritudonaturalis
914 2206 946 2260 et
966 2216 1147 2277 superna.

244 2300 377 2382 toralia,
411 2302 596 2384 corporalis
620 2312 653 2366 et
675 2302 833 2386 spiritalis
857 2300 992 2366 omnium
1017 2320 1124 2364 rerum

244 2414 425 2474 creatarum
449 2414 484 2468 et
503 2406 700 2487 creabilium,
727 2408 977 2492 eminentissime
1002 2416 1035 2472 et
1057 2406 1128 2472 uni·

244 2505 369 2575 tissime
382 2509 577 2575 continetur·
591 2510 693 2576 flacc
703 2510 801 2575 'simul
818 2511 955 2590 collecta
971 2512 1003 2576 in
1023 2529 1128 2592 unum,

243 2616 486 2698 comparatione
509 2613 591 2678 illius
616 2622 667 2689 est
686 2614 789 2678 instar
811 2615 909 2679 nihili.
943 2613 1034 2703 Unde
1050 2634 1127 2678 con·

243 2727 378 2803 spectus
402 2719 530 2782 divinae
555 2717 802 2800 pulchritudinis
831 2719 1127 2803 incomparabiliter

243 2824 383 2908 amplius
416 2822 579 2888 recreabit
610 2831 642 2887 et
665 2811 995 2904 oblectabit'boatom
1033 2841 1127 2904 quam

243 2937 398 3012 aspectui
433 2928 559 3012 gloriae
589 2927 783 2994 Sanctorum
818 2935 852 2994 et
881 2928 980 2991 totius
1015 2927 1127 2993 curiae

243 3034 400 3099 coelestis
441 3052 480 3097 ac
516 3032 613 3098 totius
645 3032 808 3114 universi3
852 3030 999 3114 quamvis
1031 3032 1126 3094 etiam

243 3138 318 3202 binc
334 3137 564 3213 ,incredibilem
587 3136 789 3219 voluptatem
815 3136 961 3201 hausturi
985 3135 1062 3204 sint.

287 3240 575 3325 Diciturpolclier,
610 3240 684 3323 quia
707 3242 780 3324 ipse
802 3223 983 3305 formaliter
1006 3245 1056 3303 est
1078 3240 1127 3302 in-

244 3346 334 3411 linita
357 3345 580 3429 pulchritudo,
598 3341 725 3410 inlinite
747 3346 885 3410 vincens
907 3361 1032 3410 omnem
1056 3343 1129 3425 pul·

244 3449 459 3517 chritudinem
477 3458 629 3548 creatam
661 3460 695 3517 et
728 3453 918 3531 creabilem,
946 3449 981 3516 'et
1003 3462 1128 3515 omnem

777 3601 779 3608 ·
852 3556 922 3646 ‚12
