2817 4317
1062 525 1106 594 95

219 736 293 808 000,
317 714 431 800 qui-so
453 713 526 799 ejus
548 714 707 797 obsequio
729 722 763 779 et
784 716 910 808 gloriae
932 733 1106 783 00000000-

223 830 310 888 runt.
354 818 450 885 cirea
482 820 543 884 hos
576 820 737 900 protentio
770 827 821 884 est
842 821 940 885 valdo
961 822 1104 906 singulu-

222 926 280 991 ris.
309 922 391 990 Sunt
407 923 493 1001 enim,
505 922 606 992 voluti
620 942 765 1006 gemmae
784 925 951 1008 pretiosae
973 935 1007 991 et
1020 946 1105 992 mur·
1236 932 1238 936 ’

219 1029 351 1122 garitae
385 1028 417 1092 in
449 1025 611 1119 00000οτ10
644 1024 781 1091 Domini.
828 1025 920 1093 Unde
953 1027 1107 1095 Dominus
1211 1050 1214 1054 ’

221 1151 283 1204 eos
306 1139 468 1213 tamquam
492 1148 637 1214 gemmas
660 1138 826 1212 asservat,
850 1138 883 1195 et
905 1132 1048 1197 custodit
1068 1139 1104 1199 ut

221 1235 381 1320 prndium
396 1235 491 1315 nonii,
517 1253 580 1323 quq
598 1234 674 1299 nihil
697 1235 814 1300 homini
831 1236 954 1318 ourius3
977 1245 1010 1301 et
1030 1254 1108 1319 pro·

176 1369 181 1377 ·
219 1342 305 1427 tegit
326 1342 386 1407 sub
409 1342 526 1406 umbra
554 1333 677 1406 alarum
705 1358 851 1423 suarum,
877 1340 962 1407 siout
983 1340 1106 1425 gallina
1185 1397 1194 1412 f

218 1446 329 1531 pullos
360 1462 451 1511 0000.
503 1521 507 1528 ,

271 1550 300 1617 6.
312 1549 408 1638 Ι0000
427 1547 525 1614 otiam
546 1554 597 1642 est
617 1552 772 1629 protector
793 1549 970 1630 beatorum,
994 1554 1107 1632 quater

215 1677 280 1723 000
302 1673 361 1721 000
378 1651 532 1737 ‘protegit
555 1651 595 1714 ab
620 1651 705 1714 omni
729 1651 834 1733 lapsu,
857 1655 898 1718 ab
921 1654 1004 1718 omni
1025 1673 1105 1737 peu·

216 1770 305 1841 nato,
327 1758 370 1846 ab
385 1755 473 1821 omni
487 1772 610 1836 errore,
634 1755 675 1820 ab
692 1755 777 1819 omni
797 1755 938 1837 tristitie,
955 1766 1106 1840 a-morte,

217 1874 253 1931 et
274 1862 360 1931 omni
382 1856 589 1945 inoommodo
610 1861 760 1942 eorporis
798 1866 832 1924 et
854 1861 990 1926 animae.
1035 1860 1107 1927 Hou

220 1976 329 2033 autem
351 1964 451 2044 iuuit,
482 1969 640 2045 quatenns
666 1963 812 2029 eustodit
834 1971 867 2029 et
886 1965 1053 2030 continuat
1073 1967 1106 2031 in

218 2072 285 2138 illis
307 2070 413 2136 lumen
435 2067 592 2151 gloriae„
616 2066 688 2133 Hoo
710 2067 791 2130 enim
819 2067 848 2131 si
870 2087 930 2151 per
945 2069 1105 2134 cessatio·

216 2195 296 2243 nom·
329 2172 430 2258 divini
468 2170 608 2250 influxus
637 2170 814 2253 aliquando
855 2171 1108 2255 extingueretur,

218 2301 299 2348 mox
320 2266 508 2362 desinerent
539 2292 614 2339 esse
636 2272 743 2354 beati,
765 2280 799 2339 et
821 2276 943 2355 rediret
966 2276 1105 2359 pristinu

221 2382 409 2464 iufirmitas,
436 2389 469 2452 et
491 2383 627 2462 possent
654 2377 757 2442 relabi
780 2378 810 2442 in
835 2397 947 2443 omnes
969 2386 1102 2446 nostrus

221 2486 384 2570 miserium
399 2502 440 2549 ao
462 2484 559 2548 etiam
581 2482 611 2544 in
635 2488 806 2548 aeternam·
822 2481 1067 2549 damnationem.
1115 2534 1117 2539 .

570 2718 758 2778 eudemo,

405 2829 409 2834 .
446 2822 506 2917 ‘Ad
528 2851 635 2914 Deum
655 2858 880 2938 protectorem.

403 2982 445 3037 Ea
463 2982 596 3052 disputat.
616 2981 648 3035 de
666 2980 796 3034 Pruedeat.
815 2980 883 3031 sect.
902 2980 927 3033 7.

265 3109 635 3191 fraternitatem,
658 3106 732 3187 quid
749 3105 852 3170 dioom
873 3103 911 3167 de
934 3104 987 3169 te?
1021 3102 1106 3178 Mille

222 3219 390 3294 00000000,
403 3214 487 3284 mute
501 3214 685 3281 doemonum
693 3210 817 3277 insidiis
830 3208 988 3289 ennodius
999 3224 1105 3279 erum:

221 3341 262 3389 ne
278 3323 428 3400 irretirer,
449 3319 618 3401 arataeo.
633 3332 690 3379 me.
735 3310 913 3379 Innumeris
935 3314 1104 3406 incommo-

222 3429 299 3507 dia-
315 3412 558 3503 ooiomitutidoa,
588 3420 753 3495 aerumnis.
771 3414 964 3492 obruendus
998 3431 1107 3482 erum:
