2817 4317
329 564 390 629 ill

370 752 399 817 3.
423 750 499 833 lpse
515 758 566 815 est
591 752 645 815 lox
665 769 723 833 per
748 754 981 834 erratorem,
1006 762 1129 839 utpote
1151 753 1209 819 inti·

327 858 393 921 nite
417 849 517 939 supra
542 874 666 919 omnem
690 857 795 920 luoem
818 866 960 922 oneatam
985 869 1019 922 et
1038 860 1209 928 creabilem

326 964 471 1043 elevata;
504 960 534 1023 in
560 979 623 1041 qua
645 957 840 1025 omnis'lux·
856 962 1117 1029 eminentissime
1140 983 1209 1030 con·

325 1068 457 1146 linetae,
486 1073 556 1129 eta
581 1085 644 1147 qua
664 1066 768 1130 omnis
792 1063 863 1143 lux,
886 1077 922 1128 ut
946 1067 1055 1156 tenuis
1084 1068 1209 1149 partini·

325 1172 429 1255 patio,
459 1170 638 1245 deseendit.
684 1169 809 1233 Dioitor
830 1172 930 1235 torem
952 1171 1105 1236 latitare
1127 1176 1209 1237 inoc-

289 1323 295 1331 -
325 1276 522 1357 restibilem„
536 1275 610 1357 qnia
633 1276 977 1357 cognitione,-amore,
996 1282 1036 1337 'et
1064 1275 1209 1340 fruitione

301 1378 448 1443 .habitat
481 1379 512 1440 in
546 1397 582 1441 ee
617 1378 705 1459 ipso,
730 1380 782 1461 qni
807 1385 857 1442 eat
878 1379 935 1441 lox
958 1378 1209 1458 inaccessibilia

325 1501 397 1547 oum
428 1482 518 1546 nulla
550 1489 701 1546 ereatura
737 1482 860 1547 viribus
884 1492 1020 1564 naturae
1046 1484 1161 1565 possit
1180 1483 1209 1546 il·

306 1587 397 1681 llam,
420 1587 475 1651 vel
500 1585 570 1649 sola
595 1586 779 1667 cognitione
801 1588 973 1668 attingere.
1030 1631 1033 1636 -

655 1826 834 1883 PRECATIO
854 1827 873 1881 1.
929 1876 931 1879 Α

291 1943 294 1952 ¹
330 2043 333 2049 .
442 1955 498 2020 Aa
521 1957 628 2020 Deum
649 1955 902 2020 illuminatorem
922 1966 955 2020 et
979 1955 1099 2050 lucerne.

513 2121 527 2127 „
538 2091 578 2145 Ex
595 2090 645 2146 lib.
663 2092 686 2147 6.
705 2093 737 2145 de
754 2063 865 2159 Perfert
885 2105 947 2160 cap.
966 2083 1005 2157 t„

368 2221 516 2286 lllomina
538 2220 642 2285 oraton
664 2238 749 2286 meon
777 2218 831 2282 lox
862 2220 1047 2301 primaeva3
1086 2220 1208 2305 dissipa

267 2367 277 2375 -ι
325 2328 476 2392 tenebras
495 2323 619 2388 animae
643 2343 743 2406 meae.
774 2323 834 2388 Sol
857 2330 1006 2398 aeterne,
1025 2328 1148 2392 'catillo
1170 2327 1207 2392 la·

326 2449 392 2496 rem
415 2435 444 2495 et
464 2431 626 2494 veritatem
643 2434 744 2503 loono,
776 2434 810 2490 ut
831 2447 882 2491 mo
908 2426 1075 2492 dedooant
1101 2438 1140 2495 et
1161 2429 1207 2495 nl·

327 2534 447 2599 dnoant
466 2536 500 2598 in
527 2538 659 2597 moralem
681 2538 825 2597 nanctum
849 2536 1039 2597 tremelio
1063 2517 1207 2612 telerna·

324 2641 395 2704 nula
414 2644 476 2703 tro.
522 2635 569 2701 'lu
589 2636 670 2700 enim
695 2635 798 2699 omnis
821 2636 902 2699 lnoin
919 2642 951 2698 et
972 2629 1207 2721 intelligentiae

326 2744 437 2825 origo,
471 2742 573 2805 omnis
605 2740 729 2803 mentis.
756 2747 935 2812 etsensns
960 2749 1088 2807 anoton.
1138 2746 1206 2811 Sine

323 2855 379 2911 tua
402 2845 618 2920 irradiatione
632 2843 736 2907 omnia
758 2844 789 2906 in
813 2843 957 2935 tenebris
980 2851 1012 2907 et
1037 2855 1145 2913 noete
1166 2850 1203 2930 ig·

283 2993 286 2999 -
324 2952 494 3016 norantiae
510 2949 637 3033 sepulta
652 2948 781 3032 jacent:
805 2967 917 3011 omnes
932 2957 1023 3012 artes
1044 2946 1084 3013 et'
1108 2952 1206 3018 soien-

326 3053 410 3137 tia'e,
441 3037 555 3119 tenues
578 3059 653 3116 sunt
675 3053 1027 3117 obumbrationes'tui:
1062 3061 1137 3125 tota
1161 3075 1205 3120 nn·

324 3160 442 3243 pientia
456 3157 666 3240 Angelorum,
688 3158 829 3222 scintilla·
844 3155 1000 3247 quaedam
1019 3164 1074 3221 est
1091 3162 1205 3245 exigno

321 3263 466 3327 infinitae
489 3262 570 3349 lnols
593 3269 675 3325 tuae.

274 3377 277 3382 ’
365 3370 390 3434 0
411 3370 569 3449 particeps
583 3365 656 3446 {lom
677 3364 804 3430 luminis
826 3368 871 3430 toi
893 3384 911 3429 o
933 3364 981 3428 nol
1002 3381 1110 3449 supro
1132 3366 1204 3436 mill

321 3471 402 3538 soles
415 3472 612 3553 lucidissime,
635 3472 784 3550 neander
802 3469 888 3534 lucie
908 3473 1084 3562 oeterooel-
1103 3475 1204 3540 Emitte
