2817 4317
268 576 333 643 200

271 765 504 851 specialissimo
535 767 595 831 Dei
627 767 748 831 influxu
779 763 852 847 fist,
883 776 918 831 et
952 771 1080 854 paucior

218 891 223 898 ·
271 870 475 935 concedatur.
521 871 610 936 Haec
633 870 730 954 paulo
750 871 861 951 fusius,
884 879 922 935 ut
944 874 1068 939 molius

268 976 343 1041 unio
367 976 585 1059 concipiatur,
619 982 651 1037 et
674 992 714 1037 ne
738 979 890 1055 putentur
916 974 1052 1059 inania,

268 1079 309 1144 de
332 1082 393 1145 hac
415 1100 435 1144 a
458 1078 719 1161 contemplativis
740 1078 936 1143 scribuntur.

545 1316 663 1374 CAPUT
684 1313 870 1382 QUARTUM.

271 1444 368 1533 erod
400 1446 481 1510 hucc
515 1448 591 1509 unio
627 1444 949 1530 contemplativorum
984 1471 1064 1525 curn

268 1554 425 1616 consistat
458 1554 492 1613 in
522 1549 652 1615 notibus
685 1547 873 1613 intellectus
903 1559 936 1613 et
958 1550 1080 1615 volunt

313 1707 399 1786 (tuuc
421 1705 569 1771 toctenus
592 1707 710 1771 duobus
724 1706 983 1788 praecedentibus
1004 1713 1080 1791 cupi

272 1812 354 1875 dictu
376 1817 446 1875 sunt
469 1814 505 1876 cte
527 1814 640 1876 unione
660 1811 969 1891 contemplativorum
994 1831 1071 1878 cum

268 1916 509 1996 complectuntur
532 1919 596 1980 tunc
613 1922 702 1981 octus
724 1915 901 1992 intellectus,
925 1932 1027 1995 ouum
1050 1936 1080 1982 or

266 2021 359 2081 tutis:
395 2033 434 2080 cu
463 2016 511 2081 iis
545 2020 626 2082 enim
663 2018 781 2082 ductus
813 2014 953 2098 perfectu
989 2038 1066 2084 curn

265 2124 440 2199 conjunctio
462 2120 628 2202 perficitur.
672 2122 810 2185 Necesse
830 2125 935 2185 tumen
958 2139 1080 2206 sempe

264 2232 296 2289 ut
324 2230 413 2290 uetus
443 2224 614 2289 intellectus
650 2226 816 2290 voluntatis
846 2228 952 2289 cetum
975 2242 1080 2307 proce

267 2328 342 2391 Cum
372 2330 453 2392 enirn
475 2326 618 2392 ootuntus
637 2345 696 2409 per
719 2345 752 2392 se
774 2344 869 2391 cucco
891 2330 949 2404 sit,
979 2334 1017 2394 in
1041 2350 1080 2396 nu

264 2438 366 2494 uotum
397 2428 476 2511 ferri
503 2436 534 2495 et
567 2432 675 2498 euitirc
704 2435 820 2514 potest,
855 2432 918 2495 nisi
944 2438 1080 2513 priust

263 2521 358 2600 tectus
394 2535 491 2601 lucem
526 2539 683 2616 eutiteut,
717 2555 778 2620 qun
810 2536 956 2601 uoiuntus
988 2541 1026 2604 in
1047 2542 1080 2608 bc

262 2636 364 2720 [quon
385 2633 484 2705 sotum
506 2645 575 2720 ejus
611 2649 655 2707 est
677 2639 852 2721 objectum)
877 2657 1067 2709 semovere

263 2746 312 2807 sit.
343 2743 404 2808 Pro
418 2750 540 2810 cutione
555 2752 656 2811 cutem
671 2764 733 2827 puu
743 2746 913 2812 intellectus
928 2746 1081 2814 voluntat

261 2865 336 2910 nuru
350 2847 476 2926 cohibet,
491 2852 562 2930 ipsu
580 2852 613 2915 in
623 2851 736 2915 tonum
750 2850 857 2933 fertur.
890 2847 983 2913 Unde
995 2855 1026 2916 si
1046 2854 1080 2918 oc

263 2954 308 3015 sic
330 2953 479 3017 uoluntati
500 2961 700 3035 proponatur,
725 2961 758 3019 ut
779 2959 850 3037 ipso
872 2978 937 3024 non
961 2970 1080 3032 omnin.

260 3057 293 3120 id
313 3061 559 3138 prosequentum
580 3060 806 3138 determinetur,
829 3068 930 3142 potest
948 3066 1010 3133 ittu
1033 3088 1080 3152 prr

263 3166 336 3225 noto
369 3168 397 3226 et
429 3166 604 3245 suipotente
638 3166 793 3229 arbitratu
815 3167 847 3230 id
869 3170 976 3249 ipsum
1000 3191 1079 3255 pros

262 3265 310 3328 uct
331 3267 370 3330 ut
393 3272 462 3346 ejus
489 3273 703 3348 prosecutione
726 3272 890 3336 obstinere.
937 3274 976 3339 Si
1000 3296 1076 3343 uero

260 3388 330 3433 nem
349 3371 420 3435 ocni
440 3372 659 3452 plenitudinem
672 3378 704 3438 tn
727 3391 763 3438 eo
785 3376 932 3453 inveniet,
954 3383 1035 3445 tunc
1057 3400 1078 3448 u

262 3475 429 3539 anundum
452 3482 480 3541 et
510 3480 716 3559 appetendum
746 3482 780 3545 in
813 3486 933 3547 tuntum
969 3487 1080 3568 impctt
