2817 4317
1034 579 1091 643 nt

215 770 322 853 gradu
345 768 614 847 eminentissimo,
647 774 679 830 et
711 785 781 830 oum
804 766 1005 848 perfectione
1024 767 1096 831 inli-

215 876 292 938 nita.
340 875 422 938 Nam
452 875 591 956 ipsemet
625 878 676 934 est
709 870 831 935 infinita
865 872 1096 956 intelligentiae

215 979 271 1043 lux
305 998 365 1060 per
387 998 423 1041 se
447 977 644 1053 subsistenS,
677 984 710 1039 et
740 974 879 1058 ipsemet
913 996 952 1041 ex
985 997 1022 1040 se
1045 984 1096 1040 eet

184 1101 310 1178 ,omne
343 1079 504 1163 objeotum
539 1067 758 1160 intelligibile,
792 1080 845 1141 vel
864 1079 943 1143 illud
966 1080 997 1141 in
1021 1080 1095 1163 ipso

215 1186 392 1250 eminenter
415 1184 604 1250 continetur.
648 1182 762 1265 ltaque
790 1183 905 1247 nemini
925 1183 1024 1247 debet
1046 1184 1096 1247 lu·

164 1331 168 1338 ·
214 1308 284 1355 oem
306 1288 549 1371 intelligentiae,
573 1288 688 1353 nemini
708 1286 870 1371 objeotum
884 1287 1097 1371 intelligibile.

538 1531 717 1589 PRECATIO
742 1532 772 1586 li.

471 1660 526 1723 Ad
547 1663 740 1748 sapientiam
764 1662 836 1723 Dei.

433 1793 473 1847 Ex
490 1793 539 1848 lib.
559 1797 583 1853 6.
603 1795 634 1849 ule
652 1794 763 1864 Perfert
781 1809 842 1865 cap.
862 1796 886 1852 6.

164 1904 171 1916 ’
259 1923 447 1987 θἀὶίιϊπιάο
475 1924 652 1987 divitiorum
685 1925 860 2003 supientiae
891 1927 920 1987 ot
947 1926 1097 1987 annotino

213 2028 287 2104 Dei,
321 2043 416 2108 quom
438 2026 761 2108 incomprehensibilia
782 2033 855 2091 sunl
872 2028 996 2106 jndicio
1017 2030 1097 2105 ejm,

164 2213 167 2223 ‚
205 2138 243 2198 et
264 2130 491 2210 investigabiles
513 2134 583 2195 vioe
605 2135 695 2211 ejnst
729 2128 845 2193 infiniti
866 2137 941 2194 sunt
962 2146 1098 2211 proces·

164 2249 166 2274 ³
211 2254 269 2302 eus
286 2234 342 2314 tui,
366 2234 480 2315 quibus
503 2235 546 2299 ad
567 2241 733 2300 ornaturus
748 2240 820 2297 tuas
833 2233 887 2297 vel
901 2230 1099 2309 formandas,

212 2336 269 2402 vel
290 2336 517 2403 illuminandas
541 2338 726 2419 deseendio,
749 2345 782 2402 et
805 2356 906 2419 snper
924 2356 981 2399 ens
996 2337 1098 2401 effun-

214 2440 320 2523 derim
355 2449 388 2505 et
421 2450 526 2506 temen
557 2443 589 2505 in
622 2451 676 2507 tua
707 2442 895 2506 immutabili
919 2441 1098 2521 identitate,

214 2563 316 2629 supra
339 2544 444 2608 omnia
466 2552 591 2623 ereata,
622 2544 757 2608 firmiter
778 2543 860 2625 lixa,
894 2561 1098 2627 perseveras.

212 2649 462 2715 innumerabilia
484 2650 578 2713 nobis
601 2669 660 2731 per
681 2666 798 2713 servos
822 2655 895 2712 tuoe
918 2649 1028 2713 loouta
1051 2666 1099 2728 eu,

212 2761 250 2820 et
280 2753 453 2816 innumeris
489 2762 521 2816 te
552 2753 657 2816 modis
696 2760 728 2815 et
763 2752 877 2817 lormis
913 2752 1098 2834 pateleoisti

211 2856 374 2921 mentibus
397 2857 575 2936 bominum3
609 2863 641 2920 et
673 2863 777 2919 tamen
808 2873 870 2920 uno
893 2854 1098 2937 simplioissi·
1145 2896 1147 2899 ψ

211 2978 330 3043 moqoe
354 2967 510 3043 oonoeptn
535 2959 665 3042 perfinia
689 2959 803 3023 omnia.

257 3064 402 3129 Omnium
422 3084 459 3129 es
477 3072 592 3129 auotor
614 3071 647 3128 et
669 3064 805 3146 artilex,
828 3062 965 3126 omnium
988 3080 1099 3124 exem·

211 3168 297 3253 piar,
320 3187 482 3243 mensura,
505 3174 538 3232 et
553 3166 633 3230 linis.
678 3164 749 3233 Neo
763 3165 868 3229 solum
884 3183 995 3228 eorum
1011 3182 1095 3245 quae

210 3280 298 3354 suut,
319 3271 435 3354 etjam
450 3273 594 3335 exterius
617 3272 760 3353 speeiem
784 3290 803 3333 a
826 3278 859 3333 te
881 3268 945 3332 sibi
959 3268 1096 3350 impres·

210 3394 284 3440 sam
307 3382 518 3458 aooeperunt,
551 3376 621 3439 sive
644 3375 820 3439 invisibilia
850 3393 890 3437 ea
912 3373 994 3455 sint,
1025 3373 1097 3435 sive

211 3479 365 3562 visibilia,
384 3479 478 3545 liotor
500 3498 555 3560 es;
586 3478 645 3542 sed
669 3480 765 3543 etiam
791 3496 901 3542 eorum
924 3496 1007 3559 quae
1029 3493 1093 3540 noo

836 3577 887 3647 8*
1175 3579 1177 3582 ’
