2817 4317
264 572 325 637 tm

307 762 342 826 ln
375 760 486 825 divina
522 761 666 826 essentia
697 769 771 825 sunt
801 763 908 827 omnia
931 770 1056 849 tamqn:

263 867 465 952 primordiali
488 887 594 931 rerum
613 864 712 929 fundo
735 872 767 929 et
784 866 1016 951 fundament03
1043 871 1053 933 i

262 971 372 1051 tentia,
395 979 430 1037 ut
452 971 483 1034 in
508 988 608 1035 oansa
630 968 796 1033 effectriee
819 989 859 1033 ex
882 970 1008 1054 nihilo;
1046 973 1056 1035 i

261 1075 381 1158 pientia
404 1073 582 1141 formaliter
605 1079 638 1135 et
662 1072 834 1155 objectiva
857 1083 890 1136 et
912 1074 1008 1140 velut
1025 1077 1056 1141 in

262 1199 300 1245 sa
332 1180 518 1262 exemplari.
572 1175 740 1260 Sapientia
770 1179 875 1258 primo
907 1179 940 1242 in
975 1200 1056 1246 esse

262 1301 441 1365 eonversa,
473 1301 544 1348 eam
577 1282 707 1346 omnino
741 1281 1011 1364 eomprehendit,
1051 1308 1056 1348 ε

262 1407 461 1472 exaequans,
484 1393 517 1451 et
535 1403 670 1469 prorsus
699 1386 918 1451 commetiens.
955 1386 1009 1451 Ex
1035 1411 1056 1452 v

261 1490 316 1576 jos
349 1491 645 1576 comprehensionis
677 1491 824 1573 seqnitur
856 1490 1052 1557 immediate

263 1595 349 1661 nium
372 1596 574 1679 possibilium
599 1596 770 1679 eonneptio
786 1615 844 1659 seu
870 1593 1014 1662 effiotio:
1038 1620 1056 1664 e

264 1700 402 1766 omnium
425 1719 559 1783 opernm
585 1700 830 1780 etenensium,
854 1718 978 1779 quasa
1004 1720 1056 1767 ore

264 1813 329 1869 tam
352 1804 498 1887 possibili
522 1823 615 1886 qnam
640 1804 801 1867 existente
823 1800 894 1865 tieri
914 1818 1056 1885 possunt

264 1908 380 1973 stinota
403 1909 534 1990 notitia3
569 1907 641 1970 hino
665 1907 801 1971 omnium
830 1924 941 1971 eornm
966 1928 1056 1989 quae

264 2012 314 2075 vis
339 2011 511 2095 hypothesi
536 2012 640 2075 futura
664 2019 784 2088 essent,
807 2010 896 2074 olara
919 2009 1056 2079 intuitio

262 2116 359 2198 nique
392 2115 530 2179 omnium
563 2134 600 2176 re
634 2114 708 2196 ipsa
740 2113 793 2176 vel
824 2115 1051 2196 praesentium

263 2218 530 2301 praeteritorum,
574 2218 628 2280 vel
661 2218 838 2282 futurorum
879 2226 1022 2283 aeterna

263 2322 334 2387 Hoo
357 2321 454 2386 modo
478 2330 511 2385 et
533 2322 646 2386 ordine
668 2323 829 2405 sapientia
861 2331 915 2386 tna
939 2323 972 2386 in
1011 2346 1056 2409 qn

265 2424 351 2489 velut
383 2426 543 2508 sphaeras
586 2427 787 2507 objectorum
827 2433 860 2489 et
897 2427 1056 2513 intelligit

262 2529 432 2612 prooedit3
468 2537 501 2594 et
523 2530 678 2612 quidquid
701 2532 828 2614 attingit
859 2529 1056 2612 reliquornn

264 2632 295 2695 vi
337 2633 636 2715 eomprehensionis
677 2634 841 2697 essentiae
874 2636 1028 2720 attingit,

263 2736 401 2800 omnium
414 2737 614 2821 possibilium
629 2738 713 2802 ratio
728 2738 829 2820 prima
845 2750 895 2802 est
910 2749 942 2804 et
956 2742 1056 2808 fonds

262 2846 335 2903 tum.
380 2839 491 2923 ltaque
519 2843 550 2906 in
580 2851 613 2904 te
647 2860 710 2904 non
742 2842 844 2905 solum
876 2852 927 2905 est
948 2848 1055 2913 nnive,

263 2935 441 3026 sapientiae
465 2954 498 3008 et
520 2945 764 3029 intelligentiae,
787 2946 962 3011 sedetiam
989 2953 1056 3015 uni·

263 3056 313 3113 tas
337 3048 538 3132 objeotorum
563 3057 596 3114 et
616 3050 873 3132 intelligibilium.

307 3154 388 3235 Ouio
410 3155 513 3219 dicem
533 3156 576 3219 od
597 3154 687 3232 haee,
720 3156 804 3220 neus
835 3155 946 3221 meus?
994 3162 1033 3243 Α,

263 3258 407 3336 Domine,
431 3258 522 3336 Deos,
550 3276 620 3323 ecee
643 3263 746 3324 neseio
769 3261 867 3341 leont·
897 3265 974 3342 quio
998 3285 1056 3347 pm

261 3378 340 3427 rom.
387 3363 516 3427 Tantam
539 3364 596 3427 hoe
609 3364 684 3441 dieo,
708 3382 747 3428 ne
768 3382 817 3428 me
838 3364 975 3445 repelles
1002 3389 1056 3454 α]

263 3470 342 3546 tois,
372 3472 401 3531 et
420 3467 496 3531 eleae
518 3484 566 3531 me
586 3466 692 3549 [acere
718 3468 962 3549 justificationes
1004 3480 1056 3542 too
