2817 4317
286 525 331 600 dd

286 732 453 793 aeternum
477 725 542 791 sint
565 726 766 812 permansuri
789 732 823 791 et
840 725 994 806 duraturi,
1017 740 1170 794 unaeum

291 838 378 897 statu
407 830 547 914 gloriae,
581 830 634 894 vel
670 831 891 896 damnationis.
935 830 1083 914 Denique
1117 854 1171 899 res

257 985 264 1004 ,-
287 954 399 1001 omnes
440 954 529 1000 suam
563 935 784 1019 durationem,
820 936 944 1000 aetatis
977 956 1170 1019 mensuram,

288 1041 395 1126 spatia
424 1042 553 1105 essendi
575 1051 607 1103 ot
628 1040 775 1120 vivendi,
805 1050 930 1123 ternpus
959 1043 1114 1107 nascendi
1138 1053 1171 1107 et

287 1146 458 1227 moriendi,
488 1163 549 1229 pro
572 1164 632 1209 soa
655 1146 820 1228 quaelibet
842 1145 1025 1212 conditione
1048 1164 1090 1211 ao
1112 1166 1170 1212 na·

285 1258 367 1331 tura,
391 1251 431 1315 ab
454 1249 525 1331 ipso
549 1259 755 1331 aooeperunt.

616 1468 793 1525 PRECATIO
812 1469 830 1523 Ι.

542 1598 591 1663 Ad
611 1579 823 1664 aeternitatem
846 1599 926 1663 Det

499 1732 540 1788 lix
552 1730 608 1803 tib.
629 1736 652 1790 t.
672 1735 703 1789 de
722 1734 830 1805 Perfert.
849 1750 910 1813 cap.
930 1738 954 1793 5.

329 1862 513 1943 Priusquam
534 1868 653 1929 orontes
667 1863 785 1943 fierent,
808 1869 862 1927 out
878 1861 1070 1944 formaretur
1081 1869 1171 1932 terro

282 1973 312 2033 et
332 1968 424 2044 ortis,
447 1985 469 2031 o
490 1966 615 2043 saecuto
637 1984 733 2048 usque
753 1967 957 2032 mauseolum
973 1972 1007 2031 tu
1025 1984 1059 2032 eo
1072 1969 1170 2036 Dour.

282 2070 330 2136 'l'u
365 2070 447 2135 enim
476 2070 667 2154 prinoipium
700 2078 733 2133 et
755 2072 871 2135 artifex
897 2072 1051 2154 omnium,
1078 2075 1171 2139 uude

281 2184 314 2240 et
335 2183 410 2240 aute
432 2176 548 2239 omnia.
592 2173 663 2238 Non
686 2182 821 2237 naturae
843 2175 951 2257 aliqua
969 2179 1170 2247 necessitato

280 2280 439 2363 impulsus
466 2278 551 2340 hano
580 2296 686 2341 rorum
717 2280 972 2362 universitatem,
1001 2282 1067 2345 hoo
1098 2304 1169 2349 ma·

281 2382 545 2467 guum-palatium
563 2400 635 2445 oum
657 2382 773 2447 inooiis
796 2390 830 2447 et
852 2386 969 2468 opibus
991 2385 1059 2450 suis
1074 2389 1170 2453 effu·

282 2489 368 2569 disti,
392 2484 494 2569 (siout
523 2483 574 2549 sol
598 2486 702 2550 iumen
725 2486 887 2571 offundit)
910 2498 945 2553 ut
969 2508 1061 2572 opus·
1075 2497 1168 2557 tuum

280 2591 340 2657 tibi
364 2599 570 2657 coaeternum
594 2613 669 2658 osse
692 2594 816 2676 possit:
839 2593 899 2657 sed
916 2594 1081 2659 liberrima
1105 2616 1168 2662 vo·

279 2698 412 2776 lentate,
435 2704 471 2761 ut
485 2715 624 2763 summus
639 2698 768 2777 artifex,
790 2696 911 2761 tinxisti·
924 2707 957 2762 et
971 2698 1167 2768 aeditioesti.

280 2798 454 2882 Antiquior
489 2820 571 2885 ergo
600 2821 636 2865 es
664 2820 766 2883 opere
795 2800 873 2883 isto,
904 2802 991 2882 quod
1021 2804 1168 2873 nondum

278 2922 337 2969 sex
361 2922 515 2969 annorum
539 2905 677 2971 millibus
702 2905 854 2970 constitit.
899 2904 968 2970 Sed
992 2913 1081 2989 quot,
1106 2912 1168 2975 ob·

278 3028 389 3092 sauro,
414 3009 554 3075 saeootis
581 3009 764 3090 antiquiori
791 3028 897 3091 neque
921 3008 1001 3073 iliud
1031 3013 1165 3079 omnino

277 3113 420 3179 absurde
450 3112 628 3197 quaeritur,
661 3112 754 3196 quasi
786 3121 859 3178 aute
882 3114 975 3179 nuno
1008 3116 1166 3185 muudum

277 3218 409 3283 saeoula
437 3216 523 3282 uuita
553 3217 687 3297 fuerint,
717 3217 892 3301 inquibus
922 3226 957 3285 tu
987 3220 1166 3311 existeres,

277 3328 311 3388 ot
332 3322 425 3387 bonis
448 3322 511 3386 tuis
534 3320 701 3387 fruereris.
737 3362 739 3365 >
860 3355 864 3402 g
1001 3328 1004 3338 '
1129 3335 1131 3340 ·

317 3424 389 3493 Etsi
415 3427 600 3492 animante
626 3426 709 3492 ooeti
733 3434 766 3492 et
788 3433 898 3493 terrae
930 3426 1164 3501 *uenditionem
