2817 4317
1063 562 1127 628 205

285 754 372 817 Alter
394 753 512 832 modun,
546 770 610 833 quo
635 750 669 814 fit
691 752 831 815 ecstasis
855 751 887 815 vi
911 752 1041 836 amoris,
1066 759 1126 834 est,

244 878 316 923 cum
350 858 395 920 ita
431 876 521 919 mens
552 856 583 918 in
608 855 709 919 Deum
742 876 802 939 per
824 857 1127 941 contemplationem

244 970 274 1026 et
296 981 440 1026 amorem
464 962 616 1043 trahitur,
640 967 675 1025 ut
697 960 882 1026 functiones
907 962 1021 1026 virium
1045 962 1127 1026 infe-

244 1066 374 1148 riorum,
398 1067 591 1146 praesertim
627 1086 799 1149 sensuum,
833 1074 985 1148 nossent,
1020 1068 1069 1133 sic
1093 1074 1127 1131 ut

244 1172 337 1235 homo
361 1188 425 1234 non
449 1169 570 1252 videat,
593 1192 654 1237 nec
678 1170 798 1253 audiat,
820 1189 883 1237 nec
900 1172 1019 1235 sentiat
1034 1171 1127 1254 quid·

244 1293 348 1357 quam:
372 1282 405 1337 et
428 1274 587 1338 interdum
608 1276 707 1339 etiam
729 1276 837 1340 vitalis
856 1275 1020 1340 facultatis
1044 1294 1125 1357 ope·

244 1379 323 1443 ratio
346 1378 391 1441 ita
413 1378 627 1461 intercipitur,
650 1388 685 1444 nt
704 1380 760 1444 vix
783 1381 924 1445 discerni
949 1378 1063 1463 possit,
1086 1399 1125 1444 an

244 1483 352 1548 adhuc
375 1483 475 1547 vivat.
520 1484 591 1547 Hoc
616 1483 713 1547 modo
747 1483 834 1548 mulli
866 1483 1059 1549 Sanctorum
1094 1482 1127 1546 vi

244 1587 526 1670 contemplationis
557 1595 589 1650 ot
622 1589 742 1653 amoris
766 1590 908 1654 ecstasin
931 1589 1019 1671 passi
1043 1595 1126 1652 sunt.

244 1692 327 1770 [tuin
350 1693 414 1756 imo
436 1692 533 1755 otiam
555 1694 680 1775 absque
704 1712 832 1775 amore,
866 1695 900 1757 vi
923 1693 1124 1775 contompla-

244 1796 346 1875 ionis,
370 1796 444 1860 talis
469 1796 609 1861 ecstasis
632 1797 704 1861 fieri
735 1804 853 1881 potest.
897 1796 1019 1862 Verum
1039 1795 1123 1861 haec

244 1900 378 1965 ecstasis
411 1901 514 1966 solum
543 1901 576 1963 in
607 1901 671 1965 hac
699 1902 786 1980 vita,
820 1909 853 1965 et
876 1921 939 1967 nou
958 1903 990 1966 in
1013 1902 1126 1966 Beatis
1244 1906 1246 1909 ⁴

244 2011 346 2069 locum
368 2003 480 2086 habet,
501 2004 574 2086 quia
599 2023 639 2067 ex
662 2003 909 2085 imperfectione
932 2003 1071 2087 quadam
1094 2010 1127 2066 et

244 2108 465 2173 imbecillitate
499 2108 664 2189 provenit:
701 2108 848 2172 nimirum
871 2130 911 2172 ex
945 2128 1001 2186 eo,
1039 2104 1127 2188 quod

244 2213 361 2291 anima,
392 2212 465 2277 dum
497 2231 557 2295 per
588 2213 676 2275 vires
698 2214 886 2295 superiores
909 2211 1125 2277 intentissime

244 2317 329 2383 circa
359 2315 493 2399 aliquod
526 2315 689 2400 objectum
722 2326 890 2399 versatur,
921 2336 986 2383 non
1017 2317 1124 2401 possit

244 2422 432 2486 naturaliter
463 2422 557 2485 simol
591 2424 636 2485 nti
669 2422 794 2487 viribus
831 2424 1052 2503 inferioribus,
1090 2428 1125 2486 ut

244 2526 429 2612 quotidiana
450 2526 652 2608 experientia
674 2526 781 2592 docet.
826 2527 929 2610 Cujus
952 2527 1001 2590 rei
1024 2545 1124 2591 causa

244 2639 299 2715 est,
325 2631 379 2695 vel
402 2631 477 2713 quia
500 2637 568 2694 tota
592 2629 664 2713 ejus
689 2632 739 2696 vis
763 2632 960 2716 expenditur
974 2637 1007 2695 et
1022 2630 1124 2694 veluti

244 2738 426 2805 exhauritur
449 2736 537 2802 circa
560 2735 640 2800 illud
658 2736 844 2820 objectum3
868 2737 922 2801 vel
943 2736 1018 2818 quia
1034 2736 1123 2799 vires

246 2842 410 2907 nteriores
444 2841 659 2907 destituuntur
680 2842 849 2925 spiritibus
871 2840 913 2903 ad
937 2839 1122 2904 functiones

244 2965 346 3011 rarum
369 2946 577 3026 necessariis,
609 2946 683 3010 dnm
707 2946 740 3009 hi
764 2966 877 3011 omues
900 2964 1028 3009 sursum
1051 2951 1120 3009 tra·

244 3055 364 3131 suntor,
387 3058 422 3114 nt
444 3050 661 3132 imaginationi
689 3061 721 3114 ot
747 3051 1011 3135 contemplationi
1032 3050 1120 3113 illins

244 3154 361 3239 ›bjecti
381 3155 534 3220 serviant.
