2817 4317
1082 550 1146 617 229

266 741 449 808 clarissime
473 735 656 807 celebrant)
691 739 782 805 Coeli
806 739 887 802 enim
912 746 1063 804 enarrant
1082 741 1147 823 μω.
1255 774 1257 780 .

265 852 348 913 riam
371 848 441 922 Det,
471 854 500 911 et
522 865 617 927 opere
639 865 788 911 oronnam
816 852 885 928 ejus
907 849 1071 911 annuntiet
1091 845 1147 924 fir-

266 941 483 1016 muntenni·
509 952 584 1014 Dtes
616 952 677 1015 diet
711 956 831 1015 cructet
861 951 1001 1027 emtum,
1034 957 1064 1014 et
1085 969 1147 1014 noa

265 1060 348 1121 noeti
370 1049 487 1120 indicat
510 1059 680 1120 scentiam.
725 1037 796 1137 Non
817 1061 890 1119 sont
911 1056 1061 1135 loquetae,
1092 1073 1147 1117 ne-

266 1178 325 1243 one
346 1178 513 1239 santoneo,
533 1178 662 1240 quornm
684 1179 746 1223 non
778 1161 946 1223 audientur
968 1178 1058 1223 voces
1096 1179 1147 1223 eo·

266 1283 346 1330 rum.
390 1264 456 1338 Sed
481 1264 579 1346 louge
602 1263 816 1329 excellentius
838 1263 869 1325 in
894 1271 1006 1326 nostro
1025 1282 1147 1344 genere

267 1371 349 1460 baec
372 1369 552 1450 benignitas
577 1379 630 1432 tea
665 1360 779 1433 elucet.
825 1369 870 1431 'l'u
902 1369 984 1432 enim
1017 1386 1075 1432 nos
1104 1368 1146 1430 ad

266 1473 437 1554 imaginem
463 1481 495 1536 et
518 1473 760 1538 similitudinem
775 1482 859 1537 tuam
876 1474 1059 1553 condidisti,
1075 1474 1147 1535 vui·
1223 1484 1227 1489 ’

267 1587 318 1640 tus
342 1563 386 1639 tui
421 1578 625 1641 charactere*
641 1582 735 1644 uobis
762 1583 937 1662 impresso,
969 1578 1145 1654 intellectu,

266 1686 418 1746 memoria
442 1689 474 1746 et
497 1685 662 1749 voluntate
687 1687 884 1763 instruxisti,
907 1686 1021 1766 quibus
1044 1703 1144 1766 cepu-

266 1806 323 1849 ces
356 1786 550 1869 divinitatis,
584 1790 725 1871 gloriae,
760 1799 792 1853 et
830 1769 1033 1851 beatitudinis
1071 1795 1145 1849 tuae

266 1892 374 1956 effecti
390 1910 521 1973 -sumus3
551 1893 669 1957 divinis
696 1894 870 1975 praesidiis
894 1873 926 1956 et
948 1892 1144 1954 ornamentis

266 1996 306 2058 ad
332 1995 413 2059 baec
436 2005 523 2059 tanta
547 1997 630 2061 bona
654 1997 867 2079 promerenda
892 2004 925 2060 et
943 2015 1146 2075 consequen·

266 2101 307 2163 da
332 2101 519 2182 cumulasti3
552 2098 701 2183 Angelos
732 2102 763 2164 in
787 2102 920 2166 tutelam
951 2109 983 2164 et
1014 2100 1146 2163 directi-

265 2224 358 2269 onem
383 2204 575 2285 assignasti3
599 2204 737 2287 denique
761 2213 862 2270 totum
883 2205 1049 2288 muudum,
1073 2222 1144 2267 cum

265 2309 411 2373 omnibus
435 2310 529 2374 bonis
553 2317 586 2373 et
609 2311 724 2392 opibus
748 2310 825 2390 suis,
849 2311 879 2371 in
897 2308 1088 2373 domicilium
1112 2317 1146 2371 et

265 2393 416 2477 sinaeum
441 2422 584 2478 nostran
621 2414 744 2488 recise,
783 2428 816 2479 et
848 2417 940 2481 nouis
972 2416 1144 2479 iraeneo.

264 2519 347 2596 Quid
371 2518 420 2581 bis
444 2518 610 2583 beneficiis
636 2520 757 2603 majus,
780 2522 842 2586 bec
864 2520 1063 2603 benignitate
1087 2518 1145 2582 ed*

264 2622 442 2688 mirabilius
467 2623 603 2704 cogitari
628 2624 762 2706 possiti
807 2625 998 2708 praesertim
1014 2643 1083 2688 curu
1105 2641 1145 2687 eo

236 2727 403 2818 ‘consitio
428 2728 508 2791 tnaec
531 2728 636 2791 omnia
659 2728 789 2806 feceris,
812 2737 846 2792 ut
867 2746 926 2790 nos
949 2727 981 2788 in
1004 2725 1144 2789 divinum

264 2840 381 2895 statum
406 2830 574 2910 eveheres,
598 2838 630 2894 et
652 2832 858 2895 beatitudinis
877 2840 952 2894 tuae
968 2831 1144 2913 participes

265 2936 426 3002 efficeres.

308 3042 442 3106 Benedie
464 3045 572 3107 anime
598 3061 667 3107 rnen
690 3044 836 3120 Domino,
872 3047 900 3105 et
930 3037 1036 3121 ornain
1067 3057 1146 3121 nnec

262 3151 349 3212 intro
369 3164 418 3210 ane
440 3152 521 3225 sent,
540 3150 657 3212 nomini
669 3153 786 3213 sancte
801 3152 877 3226 ejus.
922 3146 1055 3211 Benedic
1073 3146 1143 3207 uni·

262 3269 317 3315 mu
337 3268 407 3314 meu
430 3252 567 3327 Domine,
591 3257 620 3316 et
641 3252 705 3317 nott
726 3252 862 3317 obliuisci
884 3269 990 3320 mones
1010 3249 1144 3314 retribu-

262 3360 364 3422 tiones
386 3361 462 3437 ejne.
508 3354 621 3420 Amen.
