2817 4317
1100 586 1143 652 ‘13

311 776 418 841 Porro
441 773 609 857 eomejor
632 782 684 839 est
704 773 839 859 injuria,
874 794 937 857 qno
966 775 1071 861 major
1093 784 1146 841 est

264 879 416 963 majestas
455 885 487 943 et
521 878 667 961 potentia
697 886 733 943 et
764 880 947 962 praesentia
978 879 1070 964 ejus,
1110 880 1144 944 in

265 1004 358 1067 quem
381 983 566 1065 comittitur,
585 989 618 1047 et
640 1001 703 1065 quo
723 982 883 1048 beneficia
898 983 971 1067 ejus
990 991 1064 1049 sunt
1077 1003 1145 1049 ma-

257 1088 347 1173 jora.
392 1086 507 1170 ltaque
538 1106 610 1151 cnm
644 1086 798 1170 majestas
829 1086 890 1151 Dei
921 1086 1057 1171 ejusque
1084 1105 1147 1171 po·

264 1194 366 1257 tentia
391 1194 434 1257 sit
453 1192 590 1271 infinita,
623 1198 656 1256 et
685 1190 843 1257 beneficia
871 1189 1016 1255 infinitae
1049 1190 1148 1256 aesti-

263 1294 432 1376 mationis,
464 1304 497 1361 et
529 1295 633 1360 omnia
660 1296 694 1359 in
724 1295 846 1361 infinita
884 1296 956 1361 luce
989 1314 1146 1379 praesen·

264 1402 331 1466 tiae
354 1399 427 1483 ejus
450 1406 624 1483 gerantur:
642 1400 849 1485 perspicuum
872 1409 938 1484 est,
962 1401 1042 1465 istae
1066 1418 1146 1483 quo·

265 1525 330 1589 que
348 1504 481 1586 injurias
500 1501 654 1567 infinitam
669 1504 829 1585 quandam
845 1505 982 1590 injuriae
997 1503 1148 1569 malitiam

264 1610 447 1689 continere,
476 1614 510 1672 et
532 1608 716 1691 patientiam
739 1607 816 1693 llei,
851 1627 912 1692 qua
934 1609 998 1674 ista
1019 1609 1150 1691 tolerat,

263 1713 422 1780 infinitam
435 1730 528 1777 esee.

315 1820 345 1884 2.
368 1819 495 1885 Pelices
518 1816 650 1899 dicitur,
680 1818 840 1899 quianon
869 1814 1062 1898 columbis,
1093 1823 1153 1899 ter,

266 1922 610 2007 qnater‚.qninqnies,
639 1921 749 1987 decies
771 1921 854 1985 baec
881 1921 990 1985 omnia
1022 1920 1151 2003 tolerat,

271 2027 450 2093 vindictam
472 2026 628 2092 cohibens
658 2022 763 2107 (quod
787 2025 891 2089 nullus
906 2024 1064 2108 princeps
1087 2030 1154 2089 ter·

266 2151 366 2197 renue
389 2140 421 2196 et
442 2131 587 2197 mortalis
605 2127 769 2212 faceret);
793 2129 853 2194 sed
867 2129 1000 2209 centies,
1023 2128 1151 2213 millies,

265 2237 379 2303 decies
402 2235 536 2316 millies,
559 2225 684 2301 centies¹
703 2234 835 2300 millies:
859 2232 946 2318 quod
966 2234 1071 2300 omnia
1094 2255 1150 2300 sn·

263 2349 361 2427 perat
391 2341 558 2423 exempla,
589 2349 622 2404 et
644 2355 769 2404 omnem
791 2340 950 2405 rationem
980 2340 1151 2408 humanam

264 2455 299 2511 et
321 2445 512 2527 angelicam.
609 2504 612 2510 ,
1012 2471 1015 2476 >

309 2550 423 2632 Neque
449 2549 554 2614 solnm
581 2547 654 2630 ipse
686 2565 814 2611 manum
835 2545 996 2611 vindicem
1019 2547 1149 2616 cohibet

263 2674 374 2736 suam,
408 2652 468 2718 aed
498 2664 532 2717 et
561 2652 625 2715 vim
658 2652 838 2734 angelicam
881 2657 914 2714 et
944 2650 1148 2737 diabolicam,

262 2765 412 2841 paratum
434 2755 585 2838 abripere
618 2761 811 2836 peccatores
847 2759 880 2816 et
902 2754 1092 2840 demergere
1113 2761 1145 2825 in

261 2860 458 2946 profundum
479 2859 606 2938 inferni,
628 2860 767 2940 benigne
786 2862 933 2923 coercet:
960 2868 994 2925 ut
1016 2871 1145 2929 constat

262 2986 306 3030 ex
328 2964 488 3048 parabola
516 2964 632 3030 Mattb.
662 2961 714 3028 13.
740 2962 794 3026 ubi
824 2963 929 3027 servis
959 2964 1144 3033 volentibus

262 3070 422 3154 colligere
446 3068 574 3133 zizania
604 3068 722 3149 vetuit,
744 3086 785 3129 ne
809 3067 896 3130 forte
919 3069 1013 3133 simul
1035 3072 1144 3137 eradi·

262 3184 396 3242 caretur
419 3184 452 3241 et
473 3176 630 3256 triticum,
656 3181 690 3238 et
712 3159 814 3237 voluit
836 3179 972 3254 utraque
995 3174 1142 3240 sineren-

262 3288 318 3347 tur
338 3298 491 3345 crescere
513 3298 617 3362 nsque
639 3278 681 3368 ad
704 3295 857 3355 messem,
883 3276 1009 3361 idest,
1040 3285 1145 3362 neque

259 3385 308 3454 ad
331 3384 415 3450 diem
438 3383 561 3467 judicii.

307 3486 339 3554 3.
371 3486 446 3554 Non
476 3487 582 3553 solum
604 3488 687 3551 baec
715 3486 822 3551 omnia
852 3485 987 3569 tolerat,
1017 3495 1051 3553 et
1072 3488 1143 3555 vin·
