2817 4317
323 429 385 497 tm
472 388 498 480 f

319 629 433 688 ornato
456 621 644 687 'sanntilioas
661 626 861 701 ereaturam,
883 640 955 687 eam
980 640 1086 705 snpra
1101 622 1203 690 omnia

319 735 429 795 oreata
452 728 494 794 ad
517 734 549 792 te
572 719 773 805 attrahens,
789 734 822 792 et
851 709 1119 791 substantialiter
1151 727 1204 791 tibi

318 834 350 898 in
374 834 524 897 unitatem
541 821 745 917 ‘hypostasis
774 831 993 913 adstringam.
1040 828 1102 897 Sia
1132 834 1205 896 bea·

319 938 473 1003 tissimam
504 938 630 1002 Domini
662 937 763 1001 nostri
795 936 1024 1001 humanitatem
1043 935 1204 1002 sanetifi-

319 1044 417 1122 oasti,
449 1050 483 1108 nt
503 1044 587 1107 siant
614 1044 646 1106 in
668 1042 728 1105 illa
751 1049 802 1106 est
825 1038 993 1125 plenitudo
1016 1040 1203 1121 divinitatis,

319 1147 696 1212 mmmmmm.

363 1252 389 1317 0
412 1251 635 1315 admirabilem
657 1260 690 1314 et
711 1237 794 1315 omni
818 1252 916 1315 menti
932 1258 1066 1316 ornatae
1084 1252 1203 1317 innom-

317 1356 565 1441 prebensibilem
591 1355 893 1420 sanctificationem!
928 1373 948 1419 o
971 1355 1133 1425 infinitam
1156 1356 1203 1419 di·

319 1462 414 1548 vinae
446 1462 599 1526 bonitatis
631 1462 869 1544 dignationem,
902 1478 985 1541 qnae
1007 1459 1125 1549 talem
1149 1480 1203 1525 ex·

319 1566 470 1649 piationis
494 1575 527 1631 ot
549 1564 812 1629 sanctificationis
836 1564 956 1627 fontem
979 1562 1124 1628 hnmano
1148 1584 1213 1650 go·¹

279 1665 281 1670 ’
318 1671 388 1733 neri
420 1670 599 1735 oonstituit!
645 1668 699 1733 Ab
729 1668 827 1753 hujus
863 1667 1062 1752 plenitudine
1094 1689 1203 1735 omnes

319 1774 518 1857 aoaepimns3
542 1783 576 1837 et
598 1773 686 1856 qnod
703 1759 863 1856 superest,
887 1770 994 1837 adbno
1008 1772 1100 1837 millo
1116 1796 1203 1840 mnn-

319 1877 430 1942 dorum
452 1879 598 1961 peooatis
623 1879 803 1958 abluendis,
829 1887 861 1942 et
884 1878 1012 1942 infinitis
1035 1880 1205 1946 animabus

318 1982 559 2065 sanotifieandis
576 1982 712 2063 ‚suffieit
758 1983 816 2048 Sia
839 2004 898 2066 per
921 2003 1015 2048 unum
1038 1986 1204 2051 hominem

285 2085 562 2178 ,sanotilioantur
584 2105 695 2150 omnes
719 2088 883 2167 homines,
907 2095 939 2153 et
956 2089 998 2153 ad
1024 2090 1129 2155 Deum
1156 2083 1205 2155 re·

318 2192 493 2272 dnountnr,
528 2192 611 2255 siant
639 2184 698 2273 per
727 2201 822 2256 unum
846 2213 867 2255 a
889 2192 959 2257 Deo
982 2202 1057 2257 sunt
1081 2197 1204 2275 aversi,

319 2304 352 2360 et
374 2316 394 2358 a
414 2303 551 2378 paoaato
575 2297 741 2379 inquinati.

233 2436 234 2442 κ
350 2401 441 2482 ,θυῖε
466 2401 542 2465 mitt
573 2402 658 2467 dabit
680 2406 847 2482 jasttttam-
868 2423 906 2469 aa
928 2407 1131 2469 sanctitatem
1154 2420 1206 2469 ar-

317 2506 423 2569 denter
452 2506 578 2582 sitienti,
610 2507 770 2571 attilam
803 2509 841 2572 de
862 2510 999 2573 cisterna
1020 2510 1086 2570 ista
1115 2508 1207 2573 Bett-

298 2597 401 2688 ⁴leem,
423 2614 452 2673 et
473 2615 563 2690 pateo
586 2627 740 2690 annonam
761 2610 950 2675 ataenttam?
995 2608 1143 2691 Domine,
1166 2611 1207 2697 ¹da

317 2715 393 2794 mitt
419 2714 501 2779 bane
530 2716 741 2795 maumam
769 2715 892 2779 dimisti:
936 2714 1082 2779 sitientes
1104 2716 1207 2780 aenae

317 2820 360 2885 ad
382 2836 505 2901 aquam.
553 2818 816 2898 Quemadmodum
845 2818 1000 2882 desiderat
1021 2809 1146 2884 amnas
1168 2821 1208 2885 ad

316 2907 420 3003 sontes
446 2940 613 3005 aquaram,
645 2924 690 2986 tta
727 2923 882 2988 desiderat
917 2925 1029 2987 anima
1053 2940 1130 2988 mea
1169 2926 1208 2990 od

317 3027 416 3120 Deam
442 3011 550 3104 meam,
573 3031 603 3091 et
618 3029 776 3107 justitiam
799 3032 888 3107 ejas:
935 3026 1089 3108 bomine,
1124 3033 1208 3097 satta

318 3133 399 3197 tane
421 3135 505 3197 satim
526 3149 636 3196 meam.
682 3126 796 3194 Amen.
828 3145 831 3152 ·
