2817 4317
266 516 310 585 tt

269 712 393 778 mereto
416 714 463 777 ate
482 714 584 778 aione
605 707 717 792 stolae,
740 714 774 775 nt
789 716 849 793 per'
865 727 1017 793 prospera
1039 717 1070 777 ct
1091 712 1147 779 ati·

268 833 361 882 nerse
373 834 495 898 semper
517 819 667 899 aspiciam
688 819 722 881 tn
744 819 900 881 auctorem
919 814 999 896 fida,
1021 820 1052 880 et
1074 834 1147 883 con·

268 926 489 986 summitterem
511 918 663 1001 JESUM‚
693 922 788 985 donec
811 919 939 984 cantem
956 920 1077 985 niteant
1098 938 1147 986 re·

270 1027 372 1091 celate
394 1024 486 1107 faeie,
509 1028 561 1106 qai
581 1031 680 1089 tecam
701 1028 778 1090 cinit
798 1029 828 1089 et
840 1029 951 1105 repant
963 1042 1022 1106 per
1044 1028 1149 1091 omnio

267 1130 403 1196 enecate.
431 1129 537 1195 Amen.

559 1300 810 1363 constantiano
829 1302 860 1362 V.

526 1422 574 1492 De
600 1426 784 1491 aeternitate
819 1421 883 1488 Dei.

309 1542 461 1610 Aetnaea
498 1543 614 1610 dicitur
644 1545 672 1612 1.
701 1544 775 1628 quia
807 1542 932 1611 infinito
963 1544 1147 1630 intervallo,

273 1654 347 1713 anta
371 1664 465 1712 omno
487 1654 614 1733 tempus
643 1648 849 1731 imaginabile
877 1648 945 1730 tuit,
969 1656 1002 1715 ot
1024 1650 1147 1719 infinito

270 1752 442 1817 intervallo
464 1772 523 1818 seu
545 1754 675 1819 infinitis
689 1752 830 1820 saeculis
853 1760 930 1835 post
949 1770 1042 1820 omne
1065 1762 1146 1821 tem-

268 1877 330 1941 pus
352 1857 557 1941 imaginabile
578 1858 647 1923 erit.
677 1857 822 1941 Concipe
844 1863 943 1939 retro,
966 1865 1041 1923 anta
1055 1879 1147 1925 mun·

268 1961 342 2026 dum
358 1962 527 2041 conditum,
551 1970 599 2028 tot
613 1962 776 2046 myriades
791 1960 995 2027 saeculorum
1010 1960 1146 2042 (saecu-

266 2065 329 2130 lum
338 2085 433 2132 unum
442 2085 524 2133 voco
537 2067 735 2132 durationem
745 2061 1052 2149 cantumannorum]
1067 2076 1147 2150 quot

266 2178 341 2236 sunt
363 2191 484 2236 arenae
507 2171 537 2234 in
561 2170 708 2236 omuibus
730 2171 909 2253 littoribus,
931 2178 1009 2253 quot
1031 2181 1146 2255 guttae

267 2275 300 2339 in
323 2276 468 2341 omnibus
490 2275 591 2358 aquis,
616 2283 693 2357 quot
716 2272 793 2338 lolia
811 2274 842 2337 in
857 2274 1003 2340 omnibus
1019 2278 1145 2342 arbori·

266 2379 342 2458 bus,
375 2388 453 2464 quot
484 2378 629 2463 gramina
663 2379 695 2441 in
730 2378 877 2444 omnibus
913 2380 1033 2464 pratis,
1066 2390 1146 2465 quot

267 2485 389 2549 aomina
411 2486 444 2549 in
467 2484 612 2549 omnibus
631 2483 736 2567 >agria
761 2490 840 2564 quot
862 2483 919 2567 pili
942 2485 972 2547 io
996 2489 1144 2554 omuibus

267 2589 473 2654 animalibus:
503 2596 536 2653 et
564 2588 640 2654 huic
667 2588 983 2671 incomprebensibili
1012 2611 1145 2658 numano

264 2693 349 2758 adda
372 2699 420 2758 tot
442 2693 600 2759 millionos
624 2691 841 2772 saeculorum,
872 2701 949 2776 quot
972 2695 1145 2777 pulvisculi

263 2806 338 2864 suot
359 2797 535 2862 necessarii
558 2796 601 2861 ad
623 2795 818 2880 implendum
841 2804 942 2861 totum
957 2799 1143 2867 universum

264 2919 474 2985 oonpouenm3
500 2898 561 2983 (de
591 2919 655 2984 quo
684 2901 786 2966 fusius
817 2908 928 2966 noster
949 2902 1081 2970 Cluvius
1111 2908 1142 2972 in

261 3000 461 3089 sphaeram)
491 3004 598 3070 adbuc
626 3004 714 3070 Deus
745 3013 845 3072 totum
879 3006 956 3073 illud
985 3012 1142 3092 temporis

259 3109 583 3191 incomprehensibile
607 3111 765 3193 spatium,
795 3110 882 3192 quod
911 3114 1004 3177 nobie
1036 3114 1140 3180 videri

257 3212 366 3295 possit
381 3212 483 3277 instar
497 3211 664 3298 cujusdam
688 3216 899 3296 aeternitatis,
918 3216 1051 3283 infinitis
1063 3237 1140 3283 sae·

258 3317 356 3399 culis,
387 3326 421 3383 et
442 3320 645 3385 saeculorum
676 3317 808 3383 infinitis
830 3319 1022 3386 millionibue
1046 3330 1137 3387 ante·

263 3422 373 3490 cessit.
415 3423 474 3491 llis
496 3422 584 3490 addo
605 3420 704 3504 longe
726 3419 864 3506 majora.
904 3422 1138 3510 Multiplicetur
