2817 4317
1068 589 1133 657 213

248 775 371 840 Psalm.
409 776 485 843 118:
532 778 650 861 Defecit
678 784 711 843 ia
742 780 883 845 suntme
913 787 998 846 taam
1027 786 1133 846 animo

247 899 337 967 meo:
371 901 486 964 nempe
520 883 687 947 exhaustis
722 884 845 947 viribus
874 884 1005 948 assidue
1041 888 1132 967 eogi-

251 986 352 1049 tando
382 995 415 1050 et
438 988 634 1071 suspirando
658 986 698 1051 ad
724 987 879 1067 salutem,
912 989 965 1051 vel
988 990 1132 1071 salvato·

248 1110 331 1167 rem,
365 1111 458 1172 quem
486 1092 673 1174 promisisti.
718 1091 832 1173 Neque
864 1091 927 1156 hoo
948 1092 1060 1157 mirum
1083 1094 1144 1156 vi·'

250 1196 319 1260 deri
353 1194 470 1275 debet,
509 1216 579 1260 oum
615 1197 710 1259 etiam
746 1215 837 1260 amor
867 1198 1009 1261 earnalis
1045 1199 1131 1263 vires

248 1298 435 1381 exhauriat,
467 1307 498 1363 et
530 1304 702 1365 tabescere
736 1301 895 1364 interdum
912 1302 1026 1386 faeiat,
1060 1322 1132 1368 oum

247 1404 274 1468 is
299 1405 352 1485 qui
376 1406 585 1469 vehementer
606 1412 709 1485 amat,
733 1426 769 1469 re
792 1413 904 1490 optata
926 1406 989 1470 frui
1013 1408 1132 1488 nequit.

291 1506 464 1587 Secundo,
502 1510 627 1574 ratione
660 1510 884 1574 immensitatis
914 1512 1006 1591 boni,
1045 1510 1130 1592 qnod

244 1613 419 1677 amandum
448 1621 480 1677 et
504 1613 786 1696 contemplandum
809 1616 1018 1697 proponitur,
1044 1617 1131 1697 quod

244 1737 318 1783 oum
348 1717 460 1781 vident
492 1738 527 1781 se
560 1718 699 1783 amando
727 1738 915 1801 exaequare
935 1738 997 1783 non
1021 1738 1131 1803 posse,

245 1822 487 1903 quodammodo
511 1809 672 1888 definiunt.
719 1824 801 1888 lllud
826 1824 909 1888 enim
940 1826 1059 1886 bonum
1082 1825 1132 1887 in·

244 1924 370 1989 finitum
394 1944 535 1989 amorem
555 1926 715 2008 postulat3
741 1926 802 1990 sed
825 1926 873 1989 illi
895 1934 1016 1989 tantum
1035 1946 1131 2007 prae·

244 2035 339 2094 stare
372 2046 437 2093 non
460 2035 613 2110 possunt:
652 2029 753 2093 allicit
785 2031 959 2093 introrsum
991 2028 1133 2110 infinite,

244 2134 308 2199 sed
330 2132 373 2196 illi
396 2152 457 2198 neo
479 2132 750 2216 contemplatione
781 2152 841 2197 neo
868 2151 979 2196 amore
1012 2131 1131 2197 infinite

246 2237 345 2317 sequi
382 2244 529 2319 possunt.
573 2237 615 2301 Et
653 2239 728 2321 qnia
764 2237 887 2301 vellent
925 2237 951 2300 si
986 2244 1131 2319 possent,

245 2342 486 2424 quodammodo
514 2344 544 2405 in
569 2352 685 2407 oonatu
718 2342 787 2406 sine
811 2342 942 2407 defeotu
966 2341 1130 2407 defioinnt.
1187 2419 1189 2424 ,

250 2445 328 2509 Hoo
349 2454 453 2510 tamen
477 2448 597 2528 ipsum,
630 2448 718 2529 qnod
747 2447 879 2511 videant
900 2448 1016 2511 bonum
1039 2467 1131 2511 suum

247 2571 329 2616 esse
348 2559 489 2632 tantum,
522 2558 556 2614 nt
587 2551 665 2614 illud
689 2570 748 2616 sno
771 2570 883 2615 amore
906 2570 1030 2633 suaque
1053 2570 1131 2616 oon·

244 2657 462 2741 templatione
483 2674 548 2721 noo
579 2655 706 2737 possint
738 2674 939 2737 exaequare,
976 2673 1039 2718 non
1072 2672 1131 2720 eos

244 2762 374 2845 affligit,
398 2761 456 2825 sed
481 2762 560 2824 miro
577 2761 696 2842 gaudio
721 2760 893 2842 perfundit.
938 2759 1029 2824 Siout
1043 2760 1130 2841 quod

244 2869 406 2951 mysteria
430 2868 537 2930 divina
569 2868 697 2929 vineant
730 2883 822 2927 omne
857 2865 1023 2926 humanum
1062 2864 1131 2926 elo-

244 2973 368 3055 quium,
391 2980 423 3034 et
447 2988 571 3034 omnem
592 2968 794 3050 intelligendi
819 2967 1047 3047 subtilitatem,
1072 2984 1130 3029 no·

245 3081 299 3142 bis
331 3075 551 3158 gaudendum,
585 3084 618 3137 et
650 3073 879 3153 gratulandum
911 3071 980 3136 Deo
1018 3079 1129 3135 nostro
1252 3078 1254 3081 ’

246 3181 370 3269 potius,
393 3198 486 3260 qnam
510 3177 691 3255 dolendum,
715 3185 748 3240 ut
769 3175 804 3240 S.
827 3175 897 3241 Leo
919 3184 1034 3240 monet.
