2817 4317
327 465 389 531 216

329 652 582 737 luoe'prooedit
610 652 714 726 lumen
746 652 776 715 in
805 658 942 718 mentem
974 658 1143 734 oreatam3
1178 672 1214 717 ex

329 758 445 822 lumine
478 755 629 839 procedit
662 776 768 821 amor:
804 759 855 822 hio
878 764 1164 822 rursus-mentem
1187 757 1212 819 in

328 863 429 925 Deum
464 862 578 941 trahit,
615 856 751 943 eamque
769 863 815 925 itti
838 862 945 941 unire,
985 869 1018 925 et
1058 862 1092 924 in
1132 863 1213 925 ilium

328 967 559 1031 transformare
582 972 733 1043 oonatur,
765 967 857 1047 quasi
890 966 1006 1030 volens
1030 972 1212 1029 ereaturam

329 1071 459 1135 trahere
482 1072 513 1134 in
538 1089 628 1164 soum
651 1069 857 1152 principium,
880 1070 965 1133 unde
986 1070 1167 1151 prooessit.

371 1176 482 1240 Potest
504 1174 600 1238 etiam
622 1175 674 1237 hio
698 1175 839 1240 circulus
863 1174 1000 1239 seorsim
1024 1174 1057 1237 in
1075 1182 1212 1257 utroque

328 1289 401 1345 aotu
435 1279 643 1351 considerari.
689 1279 738 1343 Ex
761 1280 831 1345 Deo
863 1279 946 1343 enim
978 1279 1139 1362 procedit
1170 1280 1212 1342 lu-

319 1405 417 1466 .men;
446 1405 486 1447 ex
506 1382 624 1447 lumine
646 1384 730 1448 visio
753 1385 806 1448 vei
830 1384 985 1467 cognitio,
1007 1403 1075 1465 qua
1099 1400 1209 1448 rursus

328 1509 418 1554 mens
441 1488 473 1550 in
497 1487 598 1550 Deum
629 1487 729 1549 veluti
752 1485 938 1550 reflectitur.
983 1485 1091 1549 Simili
1118 1485 1212 1549 modo

329 1614 371 1657 ex
391 1594 618 1657 summobono
640 1598 672 1654 et
701 1592 848 1673 pulchro,
871 1610 932 1673 per
954 1589 1062 1652 lumen
1088 1590 1214 1671 gloriae

329 1698 417 1761 olere
451 1695 523 1759 viso
549 1696 580 1757 in
612 1695 731 1773 eoeliS,
767 1693 820 1758 rel
854 1714 913 1777 per
938 1692 1043 1756 lumen
1070 1702 1214 1758 oontem-

331 1800 484 1884 plationis
507 1800 562 1863 hio
585 1800 617 1862 in
639 1804 737 1865 terris
767 1800 915 1880 cognito,
947 1796 1102 1881 prooedit
1127 1818 1214 1863 amor

330 1906 361 1969 in
394 1912 549 1986 mentem,
587 1905 639 1986 qui
671 1922 742 1967 eam
773 1922 886 1965 rursus
918 1901 949 1963 in
972 1901 1076 1965 Deum
1113 1904 1216 1967 trehit.

329 2010 442 2091 ltaque
465 2018 515 2073 est
537 2009 590 2073 hio
613 2016 774 2092 perpetua
797 2006 896 2070 veluti
920 2026 939 2069 a
962 2003 1032 2069 Deo
1054 2009 1217 2098 egressio,

330 2121 363 2177 et
386 2121 545 2197 perpetua
567 2113 597 2176 in
622 2113 710 2177 iilum
733 2112 910 2196 regressio.

583 2351 701 2409 CAPUT
720 2340 961 2409 ooooectmom.

680 2493 867 2562 Conclusio.

383 2637 470 2701 Vides
492 2652 583 2714 mooe,
615 2640 645 2699 et
667 2636 1000 2717 meermannianam,
1023 2636 1172 2716 quisquis
1190 2652 1219 2699 es

335 2744 484 2823 mysticae
506 2738 600 2819 iojos
633 2738 803 2821 tieoiooiae
826 2745 952 2805 ametor
973 2739 1219 2823 admiratorque,

334 2862 485 2911 neeesse
506 2847 635 2910 eoimtis
657 2863 755 2926 oeque
774 2845 939 2923 currentis,
962 2843 1017 2907 sed
1035 2842 1141 2909 solius
1164 2848 1219 2909 mi·

332 2954 464 3014 serentis
485 2949 551 3027 Dei,
574 2948 698 3031 quiebi
719 2949 783 3013 volt
802 2952 910 3031 spirat,
931 2947 973 3010 od
994 2944 1218 3013 sublimitatem

331 3058 424 3119 istam
446 3057 526 3136 rapi
574 3052 689 3118 Tomoe
710 3054 766 3129 rei,
790 3054 843 3133 eoi
860 3050 933 3129 omit,
954 3055 1131 3131 praecepto
1154 3058 1218 3116 tro·

332 3160 398 3239 dot,
421 3160 531 3240 quibos
554 3174 624 3222 eom
647 3156 814 3238 discipulos
839 3171 914 3219 roos
936 3156 1140 3233 instruxerit,
1168 3159 1218 3221 vie

332 3263 423 3329 limem
447 3264 526 3346 qood
544 3261 773 3344 inmoriemur,
803 3258 976 3323 ostenderit.
1025 3257 1106 3337 Quis
1138 3262 1217 3327 mm

332 3369 402 3444 ejus
434 3384 469 3431 se
502 3370 548 3430 rei
569 3370 751 3446 mooistrom
772 3362 967 3445 profiteatur,
1003 3379 1100 3443 qoam
1135 3366 1218 3431 seim
