2817 4317
260 524 305 599 80

265 718 352 786 unde
374 726 442 787 tote
472 726 626 787 aeternae
646 719 737 785 ritae
759 718 916 797 essentie,
945 716 1147 797 excelientia,

265 824 425 906 suavitas,
462 830 496 889 et
526 823 654 888 duratio
691 822 933 888 interminabilis
970 822 1146 906 dependet.

264 928 373 1013 Ipsum
389 928 473 995 enim
489 929 613 1008 videre,
636 946 754 1008 emere,
771 935 913 1009 gustare,
931 927 996 990 vita
1013 935 1147 991 aeterna

268 1039 328 1116 eet,
350 1040 384 1099 et
406 1033 520 1117 ipsius,
542 1039 575 1098 et
597 1032 736 1098 omniurn
758 1028 960 1095 Sanctorum.

612 1198 798 1255 PRECATIO.

436 1314 485 1379 Ad
502 1312 610 1393 Deum,
632 1317 667 1378 ot
686 1316 733 1377 est
751 1310 838 1375 solos
855 1314 973 1376 nostro.

481 1443 524 1499 Ex
541 1444 589 1500 lib.
610 1448 632 1502 1.
651 1446 683 1504 de
701 1446 812 1516 Perseot.
830 1459 892 1515 eap.
909 1446 934 1499 7.

311 1556 443 1624 Domine
465 1557 568 1643 Deae,
596 1564 694 1627 otrtor
716 1577 801 1637 meo,
830 1562 859 1623 et
880 1555 968 1622 soloe
984 1573 1068 1634 meo,
1099 1557 1153 1637 oei

266 1678 330 1727 eoo
357 1664 478 1727 tootom
500 1663 586 1729 Deae
614 1666 801 1729 credentium
824 1678 872 1742 es,
903 1660 959 1725 eod
985 1657 1152 1740 inquiren-

268 1766 354 1829 tibus
379 1771 412 1829 te
433 1775 652 1833 remunerator
669 1786 721 1849 er3
741 1766 894 1834 utentibus
907 1766 1054 1829 nimirem
1071 1763 1152 1828 domo

269 1872 404 1952 oratioe,
433 1889 472 1937 oo
500 1873 579 1955 lytro
608 1872 737 1955 soletis,
762 1870 916 1938 otentidoo
942 1869 1000 1933 too
1029 1868 1154 1947 mondo,

272 1981 428 2057 tomqoom
458 1994 521 2042 noo
548 1982 695 2043 otootor:
722 1976 763 2041 do
790 1974 878 2052 miti,
909 1990 979 2039 eom
1005 1972 1153 2052 Apostoto

271 2084 340 2159 mo,
369 2082 474 2145 omnio
505 2081 654 2149 ordttrori
684 2085 718 2146 ot
746 2085 903 2158 stercore,
935 2080 969 2141 ot
996 2078 1025 2140 te
1054 2092 1155 2141 onom

274 2180 478 2266 lucrifaciam,
501 2187 553 2266 ooi
575 2186 638 2251 erio
658 2200 777 2257 meroes
797 2199 869 2247 meo
891 2196 1006 2260 moeno
1028 2180 1131 2243 nimie.

316 2281 484 2351 Vilesoant
510 2286 586 2351 mihi
615 2286 720 2352 omnia
745 2282 932 2349 transitoria
953 2291 1086 2366 propter
1110 2289 1153 2363 te,

273 2392 307 2451 et
329 2386 428 2453 ohara
445 2387 509 2453 sint
524 2389 599 2455 mini
615 2390 719 2456 omnia
743 2397 813 2469 tna3
833 2393 866 2451 et
881 2395 924 2468 to,
948 2386 1035 2452 Deos
1051 2406 1155 2467 meus,

273 2487 348 2572 plns
373 2509 466 2572 qoam
490 2493 606 2559 omnia.
636 2493 718 2571 Quid
741 2492 823 2557 enim
846 2498 920 2557 sunt
938 2500 1067 2558 oeetera
1085 2508 1155 2557 om·

273 2591 327 2658 nia
349 2594 391 2659 ad
414 2597 635 2663 excellentiam
666 2599 820 2662 bonorum
849 2596 998 2660 tuorum?
1033 2594 1156 2659 numus

274 2703 359 2777 sunt,
383 2702 495 2765 ambra
523 2708 597 2766 sunt
622 2707 654 2764 et
683 2702 811 2765 vanites
832 2719 942 2766 omnes
966 2698 1100 2763 divitiae
1123 2705 1157 2763 et

276 2800 428 2885 deliciae,
459 2806 627 2888 omnisque
657 2804 762 2888 gloria
792 2804 889 2890 hujus
920 2803 1044 2883 mnndi,
1071 2824 1156 2887 quae

277 2905 396 2972 misere
412 2909 527 2975 oeulos
543 2908 722 2975 mortalium
745 2910 914 2990 fascinant,
937 2928 976 2972 ne
998 2927 1078 2973 vera
1099 2907 1158 2973 itta

275 3014 368 3097 bona,
392 3013 526 3098 quaein
550 3020 583 3078 te
606 3022 697 3097 sunt,
720 3032 922 3097 eogooaeere
945 3019 979 3077 et
1000 3013 1157 3096 persequi

275 3118 415 3184 valeant.
459 3117 502 3183 Et
523 3117 610 3182 sient
632 3118 685 3201 qni
709 3118 886 3199 dormient,
909 3116 993 3180 inani
1016 3115 1158 3200 imagine

277 3220 468 3303 divitiarum,
493 3221 690 3307 voluptatum
714 3230 747 3287 et
768 3222 924 3287 honoram
939 3220 1054 3300 delusi,
1077 3222 1160 3287 nihil

277 3326 392 3393 horam
413 3325 578 3390 invenient
603 3344 674 3391 enm
698 3325 897 3407 excitantur,
919 3324 978 3389 sed
1001 3342 1074 3389 eum
1101 3326 1161 3391 do·

278 3428 349 3497 lore
371 3430 466 3496 enimi
488 3430 600 3495 vident
620 3430 793 3498 remisere
809 3429 982 3512 deeeptost
1001 3428 1048 3493 ita
1071 3430 1162 3496 aoei-
