2817 4317
1088 556 1150 621 275

236 751 444 817 unitissimo
478 756 511 814 ot
543 749 738 833 sempiterno
769 749 968 830 continetur,
1001 746 1148 813 omnibus

266 856 582 942 imperfectionibus,
616 874 700 937 quaa
732 853 907 918 increatis
934 854 1029 918 bonis
1053 872 1147 936 nopa-
1250 875 1252 879 ·

266 963 399 1039 riantur,
422 960 564 1025 semotio.
960 1019 962 1022 .
988 1019 990 1023 .

308 1066 346 1130 Si
367 1068 413 1130 ito
435 1070 490 1139 ast,
511 1064 584 1145 quid
600 1062 676 1128 midi
697 1067 743 1125 est
764 1063 796 1125 in
819 1059 911 1136 cocto,
930 1065 959 1125 ct
980 1079 1000 1124 o
1022 1065 1052 1125 te
1074 1062 1147 1141 qnid

263 1171 617 1251 animumanimum,
651 1168 736 1232 Deos
768 1166 871 1229 cordis
895 1165 969 1238 mei,
1005 1167 1035 1226 et
1068 1178 1147 1242 puro
1175 1191 1177 1196 ·

263 1292 336 1340 mco
359 1275 443 1339 Deos
465 1278 498 1339 m
521 1269 706 1338 aeternnm?
752 1270 890 1335 Concede
918 1267 1006 1343 miti,
1037 1266 1148 1328 ooni-

263 1396 335 1443 com
351 1378 463 1443 donum
478 1396 579 1444 mamm
598 1382 627 1441 at
642 1393 732 1441 omme
748 1376 870 1454 donum,
894 1378 923 1436 tc
942 1387 1038 1435 mnam
1053 1385 1148 1449 quaa·

263 1498 343 1557 rara,
366 1487 395 1545 tc
408 1500 511 1554 „onom
535 1482 698 1557 inimm'rm¹
717 1484 747 1548 tc
771 1496 869 1543 onom
891 1493 1010 1555 amora,
1037 1479 1066 1538 tc
1085 1491 1147 1537 ono

260 1584 336 1667 frui,
358 1591 391 1670 tc¹
406 1604 505 1661 *noum
527 1587 723 1651 totu'ooim'o
755 1584 930 1664 possidere,
964 1587 992 1645 at
1023 1583 1056 1644 in
1088 1579 1147 1642 dac

261 1692 329 1754 cito
351 1694 382 1753 at
401 1693 435 1754 in
457 1690 565 1780 altono.
611 1684 727 1751 Amau.
915 1688 917 1692 ’

531 1915 785 1988 consumtum
813 1918 883 1978 xvi
974 1899 977 1902 ’

506 2056 550 2138 Da
573 2055 821 2137 immutabilitate
845 2058 909 2121 Dei.
938 2123 941 2138 ¹,

303 2192 320 2212 ³
414 2192 524 2243 Affeotu
543 2190 729 2275 percunctandi
747 2196 774 2245 in
793 2194 919 2263 obsequio
939 2194 1022 2259 nai}

309 2322 516 2389 immutabitis
537 2322 664 2388 dicitur¹
678 2324 707 2388 1.
719 2331 772 2432 ⁶ut
797 2340 907 2386 causa-
923 2308 1025 2407 omnis
1050 2319 1147 2384 firmi·

265 2426 343 2491 tatis
365 2435 398 2490 at
421 2426 682 2497 immutabilitatis
716 2429 748 2493 iu
780 2426 1029 2493 rabusorcatis
1075 2426 1149 2508 ipsa

264 2532 351 2599 anim
366 2532 526 2612 mundum,
549 2539 715 2616 totumquo
738 2534 922 2597 uuiversum
938 2526 970 2593 io
987 2548 1046 2594 suo
1063 2549 1147 2607 csso,
1223 2559 1225 2561 ·

264 2636 298 2699 in
324 2640 383 2701 suo
406 2636 497 2717 looo,
528 2638 680 2719 instato
712 2637 856 2720 gloriae,
891 2623 985 2716 quam
1011 2644 1147 2717 peracto
1191 2640 1194 2646 ’

260 2740 391 2825 judicio
414 2740 590 2826 universali
612 2742 740 2827 virtuto
756 2740 870 2820 divina
902 2740 1061 2822 accipiet,
1091 2742 1151 2804 im-

266 2840 463 2908 mutabilitas
491 2845 522 2908 in
554 2852 719 2922 acternum
752 2842 974 2924 conservabit3
1005 2844 1151 2908 similiter

262 2947 420 3033 'Angelos
441 2954 475 3011 ut
497 2948 653 3031 homiues,
675 2949 762 3033 quod
781 2948 983 3015 adiuturam
1007 2948 1150 3031 ipsorum

267 3060 302 3117 at
325 3059 443 3117 statum
465 3052 591 3133 gloriae
613 3046 675 3117 vel¹
690 3053 904 3118 damnationis
927 3052 1062 3118 uttin'ct'

253 3195 259 3210 .
313 3156 341 3220 2.
365 3154 451 3231 Quia
469 3156 569 3220 nulia·
586 3157 805 3239 quantumvis·
826 3156 952 3226 minima
983 3163 1095 3240 potest
1118 3156 1150 3222 ai

268 3259 341 3325 fiori
356 3250 574 3325 accessio'vcl
589 3260 761 3325 decessio:
780 3278 844 3324 nou
858 3262 1066 3353 substantiae,
1088 3279 1151 3326 nou

268 3364 452 3448 potentiae,
482 3383 545 3430 uon
562 3364 813 3448 magnitudinis,
837 3383 910 3433 ¹non
934 3366 1151 3449 perfectionis,

267 3486 332 3536 nou
355 3458 597 3563 inimimicus,
619 3486 684 3553 nou
697 3470 886 3552 molitionis,
909 3488 972 3536 nou
991 3470 1064 3552 loci,
1086 3487 1148 3536 uon
