<?xml version="1.0" encoding="UTF-8"?>
<!DOCTYPE html PUBLIC "-//W3C//DTD XHTML 1.0 Transitional//EN"
    "http://www.w3.org/TR/xhtml1/DTD/xhtml1-transitional.dtd">
<html xmlns="http://www.w3.org/1999/xhtml" xml:lang="en" lang="en">
 <head>
  <title>
</title>
<meta http-equiv="Content-Type" content="text/html;charset=utf-8" />
  <meta name='ocr-system' content='tesseract 3.04.00' />
  <meta name='ocr-capabilities' content='ocr_page ocr_carea ocr_par ocr_line ocrx_word'/>
</head>
<body>
  <div class='ocr_page' id='page_1' title='image "./leonardilessiio00lessgoog_0052.png"; bbox 0 0 2817 4317; ppageno 0'>
   <div class='ocr_carea' id='block_1_1' title="bbox 164 3337 166 3485">
    <p class='ocr_par' dir='ltr' id='par_1_1' title="bbox 164 3337 166 3485">
     <span class='ocr_line' id='line_1_1' title="bbox 164 3337 165 3378; baseline 0 0"><span class='ocrx_word' id='word_1_1' title='bbox 164 3337 165 3378; x_wconf 83' lang='lat' dir='ltr'><strong>i</strong></span> 
     </span>
     <span class='ocr_line' id='line_1_2' title="bbox 164 3443 166 3485; baseline 0 0"><span class='ocrx_word' id='word_1_2' title='bbox 164 3443 166 3485; x_wconf 85' lang='lat' dir='ltr'><strong>i</strong></span> 
     </span>
    </p>
   </div>
   <div class='ocr_carea' id='block_1_2' title="bbox 1051 589 1096 657">
    <p class='ocr_par' dir='ltr' id='par_1_2' title="bbox 1051 589 1096 657">
     <span class='ocr_line' id='line_1_3' title="bbox 1051 589 1096 657; baseline 0.022 -1"><span class='ocrx_word' id='word_1_3' title='bbox 1051 589 1096 657; x_wconf 68' lang='grc' dir='ltr'><strong>Π</strong></span> 
     </span>
    </p>
   </div>
   <div class='ocr_carea' id='block_1_3' title="bbox 210 778 1099 1494">
    <p class='ocr_par' dir='ltr' id='par_1_3' title="bbox 210 778 1098 1059">
     <span class='ocr_line' id='line_1_4' title="bbox 215 778 1096 866; baseline 0 -19"><span class='ocrx_word' id='word_1_4' title='bbox 215 781 406 866; x_wconf 82' lang='lat' dir='ltr'><strong>pertinuinri</strong></span> <span class='ocrx_word' id='word_1_5' title='bbox 434 778 562 865; x_wconf 78' lang='lat' dir='ltr'><strong>judidio</strong></span> <span class='ocrx_word' id='word_1_6' title='bbox 591 780 655 845; x_wconf 89' lang='lat' dir='ltr'><strong>sint</strong></span> <span class='ocrx_word' id='word_1_7' title='bbox 684 780 854 845; x_wconf 78' lang='lat' dir='ltr'><strong>manifesta</strong></span> <span class='ocrx_word' id='word_1_8' title='bbox 876 778 1096 862; x_wconf 85' lang='lat' dir='ltr'><strong>daemonibus,</strong></span> 
     </span>
     <span class='ocr_line' id='line_1_5' title="bbox 214 883 1098 969; baseline -0.001 -17"><span class='ocrx_word' id='word_1_9' title='bbox 214 886 428 952; x_wconf 76' lang='lat' dir='ltr'><strong>damnationis</strong></span> <span class='ocrx_word' id='word_1_10' title='bbox 466 884 583 967; x_wconf 78' lang='lat' dir='ltr'><strong>seniis,</strong></span> <span class='ocrx_word' id='word_1_11' title='bbox 617 883 740 967; x_wconf 87' lang='lat' dir='ltr'><strong>judieis</strong></span> <span class='ocrx_word' id='word_1_12' title='bbox 771 885 1029 969; x_wconf 78' lang='lat' dir='ltr'><strong>apparitoribus,</strong></span> <span class='ocrx_word' id='word_1_13' title='bbox 1065 890 1098 951; x_wconf 84' lang='lat' dir='ltr'><strong>et</strong></span> 
     </span>
     <span class='ocr_line' id='line_1_6' title="bbox 210 989 678 1059; baseline -0.013 0"><span class='ocrx_word' id='word_1_14' title='bbox 210 993 394 1059; x_wconf 89' lang='lat' dir='ltr'><strong>sententiae</strong></span> <span class='ocrx_word' id='word_1_15' title='bbox 423 989 678 1056; x_wconf 78' lang='lat' dir='ltr'><strong>exeuutoribusi</strong></span> 
     </span>
    </p>

    <p class='ocr_par' dir='ltr' id='par_1_4' title="bbox 212 1092 1099 1494">
     <span class='ocr_line' id='line_1_7' title="bbox 256 1092 1097 1176; baseline -0.006 -10"><span class='ocrx_word' id='word_1_16' title='bbox 256 1099 363 1166; x_wconf 84' lang='lat' dir='ltr'><strong>Perre</strong></span> <span class='ocrx_word' id='word_1_17' title='bbox 380 1095 447 1162; x_wconf 87' lang='lat' dir='ltr'><strong>lata</strong></span> <span class='ocrx_word' id='word_1_18' title='bbox 470 1097 533 1161; x_wconf 87' lang='lat' dir='ltr'><strong>boe</strong></span> <span class='ocrx_word' id='word_1_19' title='bbox 556 1094 653 1160; x_wconf 89' lang='lat' dir='ltr'><strong>modu</strong></span> <span class='ocrx_word' id='word_1_20' title='bbox 677 1092 850 1175; x_wconf 86' lang='lat' dir='ltr'><strong>sententia,</strong></span> <span class='ocrx_word' id='word_1_21' title='bbox 877 1113 970 1176; x_wconf 87' lang='lat' dir='ltr'><strong>quam</strong></span> <span class='ocrx_word' id='word_1_22' title='bbox 1001 1093 1097 1161; x_wconf 87' lang='lat' dir='ltr'><strong>etiam</strong></span> 
     </span>
     <span class='ocr_line' id='line_1_8' title="bbox 212 1197 1097 1282; baseline 0 -15"><span class='ocrx_word' id='word_1_23' title='bbox 212 1203 391 1267; x_wconf 86' lang='lat' dir='ltr'><strong>daemones</strong></span> <span class='ocrx_word' id='word_1_24' title='bbox 411 1199 605 1282; x_wconf 77' lang='lat' dir='ltr'><strong>intelligunt,</strong></span> <span class='ocrx_word' id='word_1_25' title='bbox 626 1198 733 1264; x_wconf 82' lang='lat' dir='ltr'><strong>statim</strong></span> <span class='ocrx_word' id='word_1_26' title='bbox 756 1197 923 1282; x_wconf 86' lang='lat' dir='ltr'><strong>rapiuntur</strong></span> <span class='ocrx_word' id='word_1_27' title='bbox 945 1199 1097 1267; x_wconf 85' lang='lat' dir='ltr'><strong>deorsum</strong></span> 
     </span>
     <span class='ocr_line' id='line_1_9' title="bbox 213 1301 1099 1392; baseline -0.003 -20"><span class='ocrx_word' id='word_1_28' title='bbox 213 1307 259 1372; x_wconf 86' lang='lat' dir='ltr'><strong>ad</strong></span> <span class='ocrx_word' id='word_1_29' title='bbox 288 1324 413 1392; x_wconf 86' lang='lat' dir='ltr'><strong>poenas</strong></span> <span class='ocrx_word' id='word_1_30' title='bbox 433 1312 613 1385; x_wconf 76' lang='lat' dir='ltr'><strong>tamareas,</strong></span> <span class='ocrx_word' id='word_1_31' title='bbox 641 1302 754 1385; x_wconf 89' lang='lat' dir='ltr'><strong>ibique</strong></span> <span class='ocrx_word' id='word_1_32' title='bbox 771 1301 970 1386; x_wconf 79' lang='lat' dir='ltr'>detinentur,</span> <span class='ocrx_word' id='word_1_33' title='bbox 1001 1304 1099 1370; x_wconf 87' lang='lat' dir='ltr'><strong>itaut</strong></span> 
     </span>
     <span class='ocr_line' id='line_1_10' title="bbox 214 1405 1098 1494; baseline 0.001 -18"><span class='ocrx_word' id='word_1_34' title='bbox 214 1410 306 1476; x_wconf 85' lang='lat' dir='ltr'><strong>nuile</strong></span> <span class='ocrx_word' id='word_1_35' title='bbox 318 1409 415 1477; x_wconf 85' lang='lat' dir='ltr'><strong>medo</strong></span> <span class='ocrx_word' id='word_1_36' title='bbox 429 1408 558 1494; x_wconf 81' lang='lat' dir='ltr'><strong>possint</strong></span> <span class='ocrx_word' id='word_1_37' title='bbox 573 1405 689 1491; x_wconf 78' lang='lat' dir='ltr'>egredi</span> <span class='ocrx_word' id='word_1_38' title='bbox 703 1407 756 1471; x_wconf 86' lang='lat' dir='ltr'><strong>vei</strong></span> <span class='ocrx_word' id='word_1_39' title='bbox 772 1424 900 1491; x_wconf 85' lang='lat' dir='ltr'><strong>poenas</strong></span> <span class='ocrx_word' id='word_1_40' title='bbox 922 1407 1098 1477; x_wconf 82' lang='lat' dir='ltr'><strong>deeliuare.</strong></span> 
     </span>
    </p>
   </div>
   <div class='ocr_carea' id='block_1_4' title="bbox 213 1512 1172 3577">
    <p class='ocr_par' dir='ltr' id='par_1_5' title="bbox 213 1512 1100 1807">
     <span class='ocr_line' id='line_1_11' title="bbox 258 1512 1100 1597; baseline -0.002 -15"><span class='ocrx_word' id='word_1_41' title='bbox 258 1514 332 1582; x_wconf 79' lang='lat' dir='ltr'><strong>flou</strong></span> <span class='ocrx_word' id='word_1_42' title='bbox 353 1519 453 1580; x_wconf 87' lang='lat' dir='ltr'><strong>tntum</strong></span> <span class='ocrx_word' id='word_1_43' title='bbox 477 1512 671 1579; x_wconf 82' lang='lat' dir='ltr'><strong>brevissimo</strong></span> <span class='ocrx_word' id='word_1_44' title='bbox 691 1518 851 1597; x_wconf 88' lang='lat' dir='ltr'><strong>tempore,</strong></span> <span class='ocrx_word' id='word_1_45' title='bbox 870 1520 904 1578; x_wconf 90' lang='lat' dir='ltr'><strong>et</strong></span> <span class='ocrx_word' id='word_1_46' title='bbox 922 1514 1014 1597; x_wconf 88' lang='lat' dir='ltr'><strong>quasi</strong></span> <span class='ocrx_word' id='word_1_47' title='bbox 1030 1532 1100 1580; x_wconf 89' lang='lat' dir='ltr'><strong>mo·</strong></span> 
     </span>
     <span class='ocr_line' id='line_1_12' title="bbox 213 1614 1099 1703; baseline 0.001 -18"><span class='ocrx_word' id='word_1_48' title='bbox 213 1625 324 1686; x_wconf 88' lang='lat' dir='ltr'><strong>mento</strong></span> <span class='ocrx_word' id='word_1_49' title='bbox 337 1618 524 1703; x_wconf 71' lang='lat' dir='ltr'><strong>peragitur3</strong></span> <span class='ocrx_word' id='word_1_50' title='bbox 547 1623 591 1697; x_wconf 88' lang='lat' dir='ltr'><strong>et,</strong></span> <span class='ocrx_word' id='word_1_51' title='bbox 604 1621 640 1681; x_wconf 93' lang='lat' dir='ltr'><strong>ut</strong></span> <span class='ocrx_word' id='word_1_52' title='bbox 654 1614 813 1682; x_wconf 87' lang='lat' dir='ltr'><strong>eredibite</strong></span> <span class='ocrx_word' id='word_1_53' title='bbox 829 1626 890 1700; x_wconf 88' lang='lat' dir='ltr'><strong>est,</strong></span> <span class='ocrx_word' id='word_1_54' title='bbox 911 1618 1099 1703; x_wconf 87' lang='lat' dir='ltr'><strong>priusquam</strong></span> 
     </span>
     <span class='ocr_line' id='line_1_13' title="bbox 216 1720 929 1807; baseline -0.004 -17"><span class='ocrx_word' id='word_1_55' title='bbox 216 1723 327 1790; x_wconf 88' lang='lat' dir='ltr'><strong>anima</strong></span> <span class='ocrx_word' id='word_1_56' title='bbox 341 1720 537 1788; x_wconf 80' lang='lat' dir='ltr'><strong>-diseesserit</strong></span> <span class='ocrx_word' id='word_1_57' title='bbox 559 1720 633 1786; x_wconf 86' lang='lat' dir='ltr'><strong>loeo</strong></span> <span class='ocrx_word' id='word_1_58' title='bbox 656 1740 676 1785; x_wconf 87' lang='lat' dir='ltr'><strong>a</strong></span> <span class='ocrx_word' id='word_1_59' title='bbox 698 1739 759 1787; x_wconf 88' lang='lat' dir='ltr'><strong>suo</strong></span> <span class='ocrx_word' id='word_1_60' title='bbox 781 1739 929 1807; x_wconf 72' lang='lat' dir='ltr'><strong>corpore.</strong></span> 
     </span>
    </p>

    <p class='ocr_par' dir='ltr' id='par_1_6' title="bbox 216 1823 1172 2537">
     <span class='ocr_line' id='line_1_14' title="bbox 261 1823 1100 1910; baseline 0.001 -18"><span class='ocrx_word' id='word_1_61' title='bbox 261 1826 304 1892; x_wconf 81' lang='lat' dir='ltr'><strong>Et</strong></span> <span class='ocrx_word' id='word_1_62' title='bbox 326 1827 400 1910; x_wconf 87' lang='lat' dir='ltr'><strong>quia</strong></span> <span class='ocrx_word' id='word_1_63' title='bbox 423 1826 571 1890; x_wconf 88' lang='lat' dir='ltr'><strong>omnibus</strong></span> <span class='ocrx_word' id='word_1_64' title='bbox 592 1823 682 1889; x_wconf 88' lang='lat' dir='ltr'><strong>boris</strong></span> <span class='ocrx_word' id='word_1_65' title='bbox 705 1826 831 1909; x_wconf 78' lang='lat' dir='ltr'>plurimi</span> <span class='ocrx_word' id='word_1_66' title='bbox 861 1832 932 1891; x_wconf 87' lang='lat' dir='ltr'><strong>toto</strong></span> <span class='ocrx_word' id='word_1_67' title='bbox 955 1828 1036 1893; x_wconf 86' lang='lat' dir='ltr'><strong>orbe</strong></span> <span class='ocrx_word' id='word_1_68' title='bbox 1057 1845 1100 1893; x_wconf 87' lang='lat' dir='ltr'><strong>ex</strong></span> 
     </span>
     <span class='ocr_line' id='line_1_15' title="bbox 216 1918 1172 2013; baseline -0.002 -16"><span class='ocrx_word' id='word_1_69' title='bbox 216 1933 282 1997; x_wconf 83' lang='lat' dir='ltr'><strong>han</strong></span> <span class='ocrx_word' id='word_1_70' title='bbox 303 1931 371 1995; x_wconf 85' lang='lat' dir='ltr'><strong>vita</strong></span> <span class='ocrx_word' id='word_1_71' title='bbox 394 1928 567 2010; x_wconf 73' lang='lat' dir='ltr'><strong>dmedum,</strong></span> <span class='ocrx_word' id='word_1_72' title='bbox 583 1929 743 2013; x_wconf 83' lang='lat' dir='ltr'><strong>judicium</strong></span> <span class='ocrx_word' id='word_1_73' title='bbox 767 1929 831 1994; x_wconf 82' lang='lat' dir='ltr'><strong>hou</strong></span> <span class='ocrx_word' id='word_1_74' title='bbox 853 1930 945 2010; x_wconf 80' lang='lat' dir='ltr'>quasi</span> <span class='ocrx_word' id='word_1_75' title='bbox 968 1929 1100 1996; x_wconf 86' lang='lat' dir='ltr'><strong>assidue</strong></span> <span class='ocrx_word' id='word_1_76' title='bbox 1170 1918 1172 1921; x_wconf 11' lang='grc' dir='ltr'><em>Α</em></span> 
     </span>
     <span class='ocr_line' id='line_1_16' title="bbox 218 2031 1101 2119; baseline -0.002 -19"><span class='ocrx_word' id='word_1_77' title='bbox 218 2035 336 2119; x_wconf 77' lang='lat' dir='ltr'><strong>agitur.</strong></span> <span class='ocrx_word' id='word_1_78' title='bbox 379 2033 493 2117; x_wconf 84' lang='lat' dir='ltr'>Neque</span> <span class='ocrx_word' id='word_1_79' title='bbox 524 2033 559 2098; x_wconf 92' lang='lat' dir='ltr'><strong>id</strong></span> <span class='ocrx_word' id='word_1_80' title='bbox 583 2033 716 2098; x_wconf 82' lang='lat' dir='ltr'><strong>diffinite</strong></span> <span class='ocrx_word' id='word_1_81' title='bbox 745 2031 845 2098; x_wconf 89' lang='lat' dir='ltr'><strong>menti</strong></span> <span class='ocrx_word' id='word_1_82' title='bbox 878 2031 925 2096; x_wconf 88' lang='lat' dir='ltr'><strong>ilii</strong></span> <span class='ocrx_word' id='word_1_83' title='bbox 947 2032 1101 2114; x_wconf 87' lang='lat' dir='ltr'><strong>infinitae,</strong></span> 
     </span>
     <span class='ocr_line' id='line_1_17' title="bbox 219 2137 1101 2224; baseline -0.001 -19"><span class='ocrx_word' id='word_1_84' title='bbox 219 2160 305 2224; x_wconf 87' lang='lat' dir='ltr'><strong>quae</strong></span> <span class='ocrx_word' id='word_1_85' title='bbox 340 2139 486 2206; x_wconf 88' lang='lat' dir='ltr'><strong>omnibns</strong></span> <span class='ocrx_word' id='word_1_86' title='bbox 517 2139 684 2204; x_wconf 76' lang='lat' dir='ltr'><strong>animabus</strong></span> <span class='ocrx_word' id='word_1_87' title='bbox 721 2146 755 2203; x_wconf 91' lang='lat' dir='ltr'><strong>et</strong></span> <span class='ocrx_word' id='word_1_88' title='bbox 784 2138 944 2203; x_wconf 84' lang='lat' dir='ltr'><strong>mentibus</strong></span> <span class='ocrx_word' id='word_1_89' title='bbox 981 2137 1101 2204; x_wconf 80' lang='lat' dir='ltr'><strong>creatis</strong></span> 
     </span>
     <span class='ocr_line' id='line_1_18' title="bbox 216 2245 1110 2329; baseline -0.001 -19"><span class='ocrx_word' id='word_1_90' title='bbox 216 2247 330 2311; x_wconf 87' lang='lat' dir='ltr'><strong>intime</strong></span> <span class='ocrx_word' id='word_1_91' title='bbox 350 2262 511 2329; x_wconf 74' lang='lat' dir='ltr'><strong>praesens</strong></span> <span class='ocrx_word' id='word_1_92' title='bbox 533 2252 594 2325; x_wconf 90' lang='lat' dir='ltr'><strong>est,</strong></span> <span class='ocrx_word' id='word_1_93' title='bbox 615 2252 648 2310; x_wconf 91' lang='lat' dir='ltr'><strong>et</strong></span> <span class='ocrx_word' id='word_1_94' title='bbox 670 2245 777 2309; x_wconf 88' lang='lat' dir='ltr'><strong>omnia</strong></span> <span class='ocrx_word' id='word_1_95' title='bbox 795 2262 906 2309; x_wconf 87' lang='lat' dir='ltr'><strong>earum</strong></span> <span class='ocrx_word' id='word_1_96' title='bbox 922 2261 1025 2328; x_wconf 85' lang='lat' dir='ltr'><strong>opera</strong></span> <span class='ocrx_word' id='word_1_97' title='bbox 1040 2247 1110 2329; x_wconf 71' lang='lat' dir='ltr'><strong>op·v</strong></span> 
     </span>
     <span class='ocr_line' id='line_1_19' title="bbox 218 2346 1102 2432; baseline -0.002 -15"><span class='ocrx_word' id='word_1_98' title='bbox 218 2352 296 2417; x_wconf 89' lang='lat' dir='ltr'><strong>time</strong></span> <span class='ocrx_word' id='word_1_99' title='bbox 319 2348 425 2432; x_wconf 84' lang='lat' dir='ltr'><strong>uenit,</strong></span> <span class='ocrx_word' id='word_1_100' title='bbox 443 2357 480 2415; x_wconf 89' lang='lat' dir='ltr'><strong>et</strong></span> <span class='ocrx_word' id='word_1_101' title='bbox 499 2346 595 2415; x_wconf 84' lang='lat' dir='ltr'><strong>taeite</strong></span> <span class='ocrx_word' id='word_1_102' title='bbox 617 2355 788 2431; x_wconf 81' lang='lat' dir='ltr'><strong>potestas</strong></span> <span class='ocrx_word' id='word_1_103' title='bbox 811 2348 946 2415; x_wconf 87' lang='lat' dir='ltr'><strong>euiiibet</strong></span> <span class='ocrx_word' id='word_1_104' title='bbox 967 2349 999 2414; x_wconf 90' lang='lat' dir='ltr'><strong>iu</strong></span> <span class='ocrx_word' id='word_1_105' title='bbox 1022 2367 1102 2416; x_wconf 87' lang='lat' dir='ltr'><strong>nnn·</strong></span> 
     </span>
     <span class='ocr_line' id='line_1_20' title="bbox 220 2453 1103 2537; baseline 0.001 -18"><span class='ocrx_word' id='word_1_106' title='bbox 220 2455 335 2536; x_wconf 84' lang='lat' dir='ltr'><strong>speetu</strong></span> <span class='ocrx_word' id='word_1_107' title='bbox 350 2471 484 2537; x_wconf 87' lang='lat' dir='ltr'><strong>ponere,</strong></span> <span class='ocrx_word' id='word_1_108' title='bbox 506 2459 541 2518; x_wconf 90' lang='lat' dir='ltr'><strong>et</strong></span> <span class='ocrx_word' id='word_1_109' title='bbox 555 2453 751 2519; x_wconf 86' lang='lat' dir='ltr'><strong>intrinseeus</strong></span> <span class='ocrx_word' id='word_1_110' title='bbox 761 2454 951 2518; x_wconf 86' lang='lat' dir='ltr'><strong>seutentiam</strong></span> <span class='ocrx_word' id='word_1_111' title='bbox 967 2453 1103 2520; x_wconf 78' lang='lat' dir='ltr'><strong>distare.</strong></span> 
     </span>
    </p>

    <p class='ocr_par' dir='ltr' id='par_1_7' title="bbox 216 2556 1103 2956">
     <span class='ocr_line' id='line_1_21' title="bbox 265 2556 1103 2639; baseline -0.002 -16"><span class='ocrx_word' id='word_1_112' title='bbox 265 2558 295 2623; x_wconf 79' lang='lat'><strong>2.</strong></span> <span class='ocrx_word' id='word_1_113' title='bbox 316 2557 440 2623; x_wconf 86' lang='lat' dir='ltr'><strong>Dieitur</strong></span> <span class='ocrx_word' id='word_1_114' title='bbox 462 2559 598 2623; x_wconf 79' lang='lat' dir='ltr'><strong>emnium</strong></span> <span class='ocrx_word' id='word_1_115' title='bbox 614 2558 728 2639; x_wconf 75' lang='lat' dir='ltr'><strong>judea,</strong></span> <span class='ocrx_word' id='word_1_116' title='bbox 753 2557 828 2639; x_wconf 87' lang='lat' dir='ltr'><strong>quia</strong></span> <span class='ocrx_word' id='word_1_117' title='bbox 849 2556 882 2619; x_wconf 90' lang='lat' dir='ltr'><strong>in</strong></span> <span class='ocrx_word' id='word_1_118' title='bbox 908 2556 972 2621; x_wconf 86' lang='lat' dir='ltr'><strong>fine</strong></span> <span class='ocrx_word' id='word_1_119' title='bbox 993 2557 1103 2623; x_wconf 92' lang='lat' dir='ltr'><strong>mundi</strong></span> 
     </span>
     <span class='ocr_line' id='line_1_22' title="bbox 216 2660 1103 2749; baseline -0.002 -21"><span class='ocrx_word' id='word_1_120' title='bbox 216 2661 344 2749; x_wconf 75' lang='lat' dir='ltr'><strong>judidio</strong></span> <span class='ocrx_word' id='word_1_121' title='bbox 359 2661 489 2746; x_wconf 77' lang='lat' dir='ltr'><strong>publico</strong></span> <span class='ocrx_word' id='word_1_122' title='bbox 506 2660 666 2745; x_wconf 88' lang='lat' dir='ltr'><strong>judieebit</strong></span> <span class='ocrx_word' id='word_1_123' title='bbox 681 2679 792 2727; x_wconf 88' lang='lat' dir='ltr'><strong>omues</strong></span> <span class='ocrx_word' id='word_1_124' title='bbox 807 2661 954 2726; x_wconf 89' lang='lat' dir='ltr'><strong>homiues</strong></span> <span class='ocrx_word' id='word_1_125' title='bbox 977 2668 1010 2727; x_wconf 92' lang='lat' dir='ltr'><strong>et</strong></span> <span class='ocrx_word' id='word_1_126' title='bbox 1024 2661 1103 2726; x_wconf 89' lang='lat' dir='ltr'><strong>dae·</strong></span> 
     </span>
     <span class='ocr_line' id='line_1_23' title="bbox 219 2764 1103 2851; baseline -0.002 -18"><span class='ocrx_word' id='word_1_127' title='bbox 219 2785 343 2847; x_wconf 85' lang='lat' dir='ltr'><strong>mones,</strong></span> <span class='ocrx_word' id='word_1_128' title='bbox 366 2766 398 2831; x_wconf 91' lang='lat' dir='ltr'><strong>iu</strong></span> <span class='ocrx_word' id='word_1_129' title='bbox 421 2773 599 2850; x_wconf 81' lang='lat' dir='ltr'><strong>eonspeutu</strong></span> <span class='ocrx_word' id='word_1_130' title='bbox 622 2774 656 2831; x_wconf 89' lang='lat' dir='ltr'><strong>et</strong></span> <span class='ocrx_word' id='word_1_131' title='bbox 677 2766 1015 2851; x_wconf 86' lang='lat' dir='ltr'><strong>praesentiaomuium</strong></span> <span class='ocrx_word' id='word_1_132' title='bbox 1030 2764 1103 2833; x_wconf 87' lang='lat' dir='ltr'><strong>Au·</strong></span> 
     </span>
     <span class='ocr_line' id='line_1_24' title="bbox 219 2871 581 2956; baseline 0 -21"><span class='ocrx_word' id='word_1_133' title='bbox 219 2871 370 2956; x_wconf 79' lang='lat' dir='ltr'><strong>galerum</strong></span> <span class='ocrx_word' id='word_1_134' title='bbox 388 2877 581 2935; x_wconf 84' lang='lat' dir='ltr'><strong>sanaturum.</strong></span> 
     </span>
    </p>

    <p class='ocr_par' dir='ltr' id='par_1_8' title="bbox 221 2970 1106 3577">
     <span class='ocr_line' id='line_1_25' title="bbox 264 2970 1102 3057; baseline -0.006 -17"><span class='ocrx_word' id='word_1_135' title='bbox 264 2973 403 3057; x_wconf 85' lang='lat' dir='ltr'><strong>Proprie</strong></span> <span class='ocrx_word' id='word_1_136' title='bbox 432 2980 537 3038; x_wconf 91' lang='lat' dir='ltr'><strong>autem</strong></span> <span class='ocrx_word' id='word_1_137' title='bbox 562 2972 626 3038; x_wconf 85' lang='lat' dir='ltr'><strong>bue</strong></span> <span class='ocrx_word' id='word_1_138' title='bbox 642 2970 792 3036; x_wconf 83' lang='lat' dir='ltr'><strong>tribuitur</strong></span> <span class='ocrx_word' id='word_1_139' title='bbox 810 2970 940 3038; x_wconf 75' lang='lat' dir='ltr'><strong>Christe</strong></span> <span class='ocrx_word' id='word_1_140' title='bbox 957 2970 1102 3054; x_wconf 81' lang='lat' dir='ltr'><strong>Domino,</strong></span> 
     </span>
     <span class='ocr_line' id='line_1_26' title="bbox 221 3072 1105 3159; baseline -0.005 -16"><span class='ocrx_word' id='word_1_141' title='bbox 221 3077 273 3143; x_wconf 86' lang='lat' dir='ltr'><strong>eui</strong></span> <span class='ocrx_word' id='word_1_142' title='bbox 305 3076 405 3143; x_wconf 87' lang='lat' dir='ltr'><strong>Pater</strong></span> <span class='ocrx_word' id='word_1_143' title='bbox 434 3095 528 3143; x_wconf 87' lang='lat' dir='ltr'><strong>omne</strong></span> <span class='ocrx_word' id='word_1_144' title='bbox 549 3076 614 3141; x_wconf 84' lang='lat' dir='ltr'><strong>hun</strong></span> <span class='ocrx_word' id='word_1_145' title='bbox 640 3072 797 3159; x_wconf 81' lang='lat' dir='ltr'><strong>judicium</strong></span> <span class='ocrx_word' id='word_1_146' title='bbox 831 3075 921 3140; x_wconf 87' lang='lat' dir='ltr'><strong>dedit</strong></span> <span class='ocrx_word' id='word_1_147' title='bbox 954 3088 987 3141; x_wconf 92' lang='lat' dir='ltr'><strong>et</strong></span> <span class='ocrx_word' id='word_1_148' title='bbox 1015 3094 1105 3141; x_wconf 85' lang='lat' dir='ltr'><strong>eem-</strong></span> 
     </span>
     <span class='ocr_line' id='line_1_27' title="bbox 222 3178 1105 3264; baseline -0.005 -19"><span class='ocrx_word' id='word_1_149' title='bbox 222 3180 319 3245; x_wconf 80' lang='lat' dir='ltr'><strong>misit.</strong></span> <span class='ocrx_word' id='word_1_150' title='bbox 354 3179 569 3247; x_wconf 81' lang='lat' dir='ltr'><strong>Exereebitur</strong></span> <span class='ocrx_word' id='word_1_151' title='bbox 591 3187 697 3243; x_wconf 85' lang='lat' dir='ltr'><strong>autem</strong></span> <span class='ocrx_word' id='word_1_152' title='bbox 720 3180 784 3246; x_wconf 81' lang='lat' dir='ltr'><strong>hue</strong></span> <span class='ocrx_word' id='word_1_153' title='bbox 802 3178 961 3264; x_wconf 71' lang='lat' dir='ltr'><strong>judicium</strong></span> <span class='ocrx_word' id='word_1_154' title='bbox 976 3200 997 3245; x_wconf 91' lang='lat' dir='ltr'><strong>a</strong></span> <span class='ocrx_word' id='word_1_155' title='bbox 1010 3178 1105 3245; x_wconf 81' lang='lat' dir='ltr'><strong>curi·</strong></span> 
     </span>
     <span class='ocr_line' id='line_1_28' title="bbox 223 3282 1105 3353; baseline 0.002 -6"><span class='ocrx_word' id='word_1_156' title='bbox 223 3290 275 3349; x_wconf 84' lang='lat' dir='ltr'><strong>ste</strong></span> <span class='ocrx_word' id='word_1_157' title='bbox 305 3286 481 3353; x_wconf 83' lang='lat' dir='ltr'><strong>seeundum</strong></span> <span class='ocrx_word' id='word_1_158' title='bbox 515 3284 742 3350; x_wconf 88' lang='lat' dir='ltr'><strong>humanitatem</strong></span> <span class='ocrx_word' id='word_1_159' title='bbox 779 3284 962 3350; x_wconf 77' lang='lat' dir='ltr'><strong>visibiliter.</strong></span> <span class='ocrx_word' id='word_1_160' title='bbox 1021 3282 1105 3349; x_wconf 84' lang='lat' dir='ltr'><strong>Hine</strong></span> 
     </span>
     <span class='ocr_line' id='line_1_29' title="bbox 222 3385 1106 3473; baseline 0.005 -23"><span class='ocrx_word' id='word_1_161' title='bbox 222 3386 340 3454; x_wconf 82' lang='lat' dir='ltr'><strong>Daniel</strong></span> <span class='ocrx_word' id='word_1_162' title='bbox 373 3385 460 3473; x_wconf 82' lang='lat' dir='ltr'><strong>[unp.</strong></span> <span class='ocrx_word' id='word_1_163' title='bbox 493 3387 542 3473; x_wconf 83' lang='lat'><strong>7.)</strong></span> <span class='ocrx_word' id='word_1_164' title='bbox 571 3389 654 3455; x_wconf 87' lang='lat' dir='ltr'><strong>vidit</strong></span> <span class='ocrx_word' id='word_1_165' title='bbox 686 3387 863 3473; x_wconf 83' lang='lat' dir='ltr'><strong>Antiquum</strong></span> <span class='ocrx_word' id='word_1_166' title='bbox 894 3388 1019 3453; x_wconf 88' lang='lat' dir='ltr'><strong>dierum</strong></span> <span class='ocrx_word' id='word_1_167' title='bbox 1049 3407 1106 3454; x_wconf 85' lang='lat' dir='ltr'><strong>se·</strong></span> 
     </span>
     <span class='ocr_line' id='line_1_30' title="bbox 227 3490 1106 3577; baseline 0.005 -20"><span class='ocrx_word' id='word_1_168' title='bbox 227 3490 358 3559; x_wconf 86' lang='lat' dir='ltr'><strong>dentem</strong></span> <span class='ocrx_word' id='word_1_169' title='bbox 380 3491 424 3559; x_wconf 81' lang='lat' dir='ltr'><strong>ad</strong></span> <span class='ocrx_word' id='word_1_170' title='bbox 439 3491 651 3577; x_wconf 70' lang='lat' dir='ltr'><strong>januardum</strong></span> <span class='ocrx_word' id='word_1_171' title='bbox 669 3494 797 3576; x_wconf 86' lang='lat' dir='ltr'><strong>orbem,</strong></span> <span class='ocrx_word' id='word_1_172' title='bbox 825 3502 861 3559; x_wconf 89' lang='lat' dir='ltr'><strong>et</strong></span> <span class='ocrx_word' id='word_1_173' title='bbox 881 3492 981 3560; x_wconf 85' lang='lat' dir='ltr'><strong>titium</strong></span> <span class='ocrx_word' id='word_1_174' title='bbox 1002 3492 1106 3561; x_wconf 88' lang='lat' dir='ltr'><strong>humi·</strong></span> 
     </span>
    </p>
   </div>
   <div class='ocr_carea' id='block_1_5' title="bbox 0 0 1431 4317">
    <p class='ocr_par' dir='ltr' id='par_1_9' title="bbox 0 0 1431 4317">
     <span class='ocr_line' id='line_1_31' title="bbox 0 0 1431 4317; baseline 0 0"><span class='ocrx_word' id='word_1_175' title='bbox 0 0 1431 4317; x_wconf 95' lang='lat' dir='ltr'><strong> </strong></span> 
     </span>
    </p>
   </div>
  </div>
 </body>
</html>
