2817 4317
1094 562 1156 629 t35

268 762 470 834 exornatum,
499 764 534 819 ut
565 757 609 818 ini
643 762 674 819 te
709 756 866 831 colamus,
904 754 1086 832 laudemus,
1123 761 1155 817 et

265 852 493 941 benedicamus
507 865 538 952 io
563 861 624 932 hac
649 859 715 922 vita
737 867 769 922 et
786 859 818 921 in
842 861 960 923 futura.
1198 845 1201 849 ’

311 966 379 1030 Sed
409 966 578 1031 sublimior
612 973 663 1028 est
695 964 849 1029 sanctitas
882 970 1017 1027 naturae
1050 963 1151 1027 ratio·

267 1071 365 1149 nalis,
403 1071 485 1134 sicut
514 1078 547 1133 et
576 1069 734 1134 illustrior
754 1076 809 1147 ¹est
831 1069 1097 1153 praesenti‘attna
1119 1068 1151 1130 in

267 1174 444 1257 spiritibus
460 1193 554 1256 qnam
578 1176 610 1237 in
635 1176 845 1257 corporibns3
880 1181 913 1236 et
942 1159 1155 1238 excellentius

267 1280 312 1342 ad
335 1286 369 1341 te
384 1278 544 1343 accedere
568 1285 639 1342 ett
626 1278 682 1342 tibi
703 1277 857 1361 conjungi
871 1285 1016 1360 possunt
1047 1277 1166 1360 Nosse

267 1383 351 1446 enim
376 1390 408 1446 et
430 1390 604 1461 amatote,
628 1385 786 1448 sanctitas
809 1384 861 1446 e'st
883 1382 1069 1465 spirituum.
1091 1380 1155 1444 Per

267 1488 351 1564 haec
373 1495 405 1550 tu
429 1488 460 1551 in
469 1471 550 1566 illis
572 1488 736 1568 habitas,
752 1495 785 1551 ct
813 1486 899 1552 illit
886 1487 1064 1580 templum
1067 1493 1152 1550 tunm

267 1590 356 1671 liunt,
373 1590 471 1655 multo
482 1590 608 1655 felicius
619 1599 652 1654 ot
662 1592 834 1674 augustius
849 1611 943 1673 qnam
958 1598 1053 1654 vasta
1071 1591 1155 1655 haec

268 1695 377 1759 mnndi
403 1695 561 1773 machina,
585 1716 668 1778 qnae
688 1704 773 1760 tuam
797 1696 1013 1778 praesentiam
1033 1694 1155 1768 sentire

268 1818 335 1863 non
359 1807 481 1882 potest.
526 1801 590 1870 Per
613 1800 727 1864 eadem
752 1800 795 1862 ad
818 1806 850 1862 te
877 1799 1050 1878 accedunt,
1081 1800 1155 1870 tibi,-

269 1922 334 1985 qno
364 1888 513 1967 uniuntur
536 1904 628 1968 vitali
664 1904 807 1981 vinculo,
842 1910 875 1966 et
906 1903 937 1966 in
960 1911 1046 1967 tuam
1067 1904 1154 1985 puri-

267 2016 369 2072 tatem
399 2009 584 2073 laoessnnt:
604 2005 824 2088 cognoscens
853 1998 950 2087 evnim·
972 2007 1095 2070 transit
1122 2008 1153 2069 in
1211 2004 1215 2008 ’

266 2114 441 2195 cognitum,
465 2121 497 2181 et
519 2125 632 2177 amans
647 2114 677 2176 in
692 2121 844 2175 amatum.
884 2102 996 2198 'Quare
1018 2111 1153 2180 nonusis

266 2217 463 2300 purissimus
488 2216 595 2298 actus,
625 2224 659 2281 ct
690 2217 721 2278 in
745 2236 898 2299 supremo
922 2215 1026 2297 gradu
1051 2215 1150 2296 spiri-

263 2319 340 2391 talis
357 2323 532 2401 tenuitatis
556 2329 590 2387 ut
604 2322 649 2385 ita
664 2321 780 2399 dicam,
802 2330 835 2384 et
848 2320 1004 2403 puritatis,
1026 2319 1148 2389 infinite

266 2425 414 2493 clavatus
448 2423 550 2509 supra
578 2428 742 2491 materiam
766 2434 799 2489 et
821 2424 1007 2505 corporalia
1031 2427 1149 2506 omnia,

266 2527 388 2592 infinite
417 2511 572 2612 simplem
604 2528 727 2595 infinito
748 2529 888 2592 subtilis
920 2538 953 2594 et
977 2530 1151 2611 spiritalis;
1186 2513 1188 2516 ’

264 2650 403 2709 necesse
436 2640 647 2715 qnoqueest
678 2653 718 2696 ea
742 2653 829 2714 quae
846 2631 886 2697 ad
914 2640 958 2723 to¹
980 2632 1153 2697 elevantur

264 2735 387 2817 tibique
410 2736 569 2815 uniuntur,
587 2744 619 2800 et
643 2756 723 2800 unns
747 2744 852 2810 tecum
871 2735 1058 2819 *efficiuntur
1081 2738 1150 2819 spi·

265 2839 356 2928 ritus,
379 2840 586 2925 simpliciora,
610 2827 760 2923 puriora,
792 2837 973 2921 magisque
990 2823 1160 2921 spiritalia

264 2942 370 3023 offici,
404 2954 438 3008 et
469 2948 510 3008 ab
544 2946 630 3008 omni
661 2943 856 3025 contagione
888 2944 1073 3009 interiorum
1097 2966 1163 3007 re·-

262 3046 417 3111 motiora.
469 3046 542 3117 Hoc
563 3055 680 3110 antero¹
701 3055 752 3110 est
781 3046 845 3114 ‚illa
870 3050 1050 3126 sanctitas,
1087 3068 1157 3129 qna
1188 3055 1202 3070 ”·

264 3170 379 3240 omnes
413 3151 587 3217 rationales
623 3152 748 3216 animae
782 3157 819 3214 et.
837 3149 971 3233 spiritus
995 3145 1148 3232 Argolici

264 3256 404 3338 praediti
424 3276 498 3319 esse
513 3257 640 3338 debent,
665 3264 699 3320 nt
723 3255 780 3318 tibi
810 3258 957 3338 perfecte
990 3258 1149 3339 placeant.
1184 3331 1187 3334 .

307 3358 373 3425 Sed
397 3360 503 3426 adhuc
524 3362 619 3442 altior
654 3368 704 3425 est
725 3359 990 3425 sanctificationis
1014 3359 1148 3443 gradus,

260 3483 332 3530 oum
366 3466 511 3530 nimirum
546 3487 605 3549 por
641 3466 780 3548 teipsum
812 3468 935 3547 absque
967 3465 1035 3556 ullo
1057 3452 1144 3533 do'no
