2817 4317
264 543 324 609 184

266 742 385 819 potest.
430 736 477 799 'l'u
500 754 580 817 ergo
611 735 748 799 omnium
773 734 941 815 Dominus,
965 756 984 798 a
1013 755 1114 819 quoa

266 840 359 903 sidue
392 839 471 903 [iunt
503 848 535 903 et
557 841 701 923 pendent
729 840 848 920 omnia3
887 840 945 921 qui
965 841 1114 905 omuias

261 950 382 1008 stertas
401 965 441 1009 ue
457 952 617 1024 corruant,
631 946 726 1010 foves
743 966 782 1009 ne
798 943 980 1022 tabescant,
1007 945 1114 1010 ooutiu

264 1069 304 1112 ne
328 1048 482 1125 diffluant,
507 1049 703 1130 constringis
724 1068 765 1111 ne
788 1048 994 1130 dispereant.

304 1154 484 1220 deotissime
511 1152 596 1217 Deos
626 1152 743 1233 Isroet,
775 1155 915 1217 sustenta
942 1169 1013 1227 me;
1044 1158 1113 1217 cont

264 1256 380 1321 destes-
401 1263 525 1339 protana
549 1275 616 1332 rna·
649 1259 682 1320 to
711 1255 827 1321 ludrica
857 1259 995 1320 stantem
1030 1260 1114 1322 conti

262 1378 326 1439 me,
348 1366 377 1427 et
396 1378 454 1443 per
477 1362 578 1427 arduo
599 1378 745 1441 promove
765 1377 832 1435 mo·
860 1365 894 1425 to
915 1361 1063 1440 pertento
1080 1364 1113 1427 at

263 1465 385 1530 bootem
409 1470 496 1530 tuere
513 1483 580 1540 me;
611 1468 644 1529 to
668 1467 793 1546 asperis
812 1464 984 1529 tolerandis
1009 1464 1114 1548 consor

262 1586 327 1643 rna·
356 1571 389 1633 to
411 1569 551 1634 omnibus
570 1572 719 1633 comitare
740 1586 796 1633 me.
847 1568 932 1633 uois
954 1586 1058 1651 meos,
1096 1588 1114 1633 o

256 1676 344 1752 jotor
365 1690 461 1749 moos,
483 1677 513 1737 et
534 1674 665 1754 sperato
691 1676 725 1736 to
746 1690 824 1737 eum.
870 1672 1039 1738 Protector
1056 1692 1114 1739 met

263 1781 292 1839 et
313 1794 410 1842 cornu
431 1778 543 1841 solutis
564 1794 666 1856 meae,
700 1783 730 1841 et
751 1782 909 1858 susceptor
931 1794 1045 1844 meus:
1086 1778 1114 1843 lu

263 1880 342 1943 duos
370 1881 518 1945 invocabo
547 1879 727 1959 Dominum,
758 1887 787 1945 et
819 1881 858 1945 od
892 1882 1040 1949 inimicis
1078 1903 1114 1949 on

262 1982 368 2049 saluus
389 2001 451 2049 aro.
498 1983 612 2050 Arnen.

422 2241 424 2247 ’
542 2227 798 2290 CONSIDERATIO
816 2230 859 2290 Vl.

352 2366 398 2431 De
420 2366 499 2445 Deo,
531 2371 630 2432 otest
650 2367 879 2448 firmamentum
908 2378 1069 2439 nostrum.

308 2505 429 2570 Dicitur
441 2506 677 2587 torneamentum
699 2515 848 2588 nostrum,
872 2510 948 2591 quia
968 2516 1114 2580 omuisfi

261 2609 357 2672 mitas
375 2608 537 2691 justorum
562 2609 593 2672 in
623 2610 769 2694 justitia,
802 2621 835 2677 et
864 2613 969 2677 omnis
996 2627 1114 2685 consta

262 2712 306 2776 tia
324 2714 356 2776 iu
381 2715 465 2779 bono
490 2722 603 2778 eontra
631 2733 743 2779 omues
768 2716 964 2781 tentationes
1004 2730 1041 2784 et
1065 2724 1114 2788 dit

262 2818 401 2883 oultates
430 2820 621 2886 inconeussa
646 2840 880 2904 perseverans,
909 2822 952 2885 ab
989 2823 1071 2908 ipso
1094 2846 1112 2891 e

305 2922 334 2985 2.
358 2922 438 3000 Quia
459 2926 561 2990 omnis
575 2926 709 2992 firmitas
733 2929 901 2992 beatorum
924 2925 956 2988 in
982 2928 1046 2995 illo
1067 2940 1114 2996 sta

262 3025 447 3091 beatissimo
480 3030 520 3091 ab
552 3027 625 3111 ipso
648 3029 789 3111 pendet,
826 3038 859 3093 et
880 3030 989 3113 ipsius
1016 3033 1114 3101 deora

261 3130 429 3195 stabilitur.

304 3232 332 3299 3.
355 3235 436 3313 Quia
469 3237 647 3317 generatim
677 3236 782 3302 omnis
807 3236 940 3303 firmitas
963 3251 1114 3309 ereatura

261 3349 324 3405 tam
347 3340 526 3423 spiritualis
558 3361 658 3423 quarn
685 3342 885 3425 corporalis,
918 3362 1019 3425 qoam
1052 3348 1114 3415 hah

260 3444 314 3508 vel
336 3444 367 3507 in
389 3463 447 3508 sua
470 3453 598 3525 natura,
632 3445 685 3508 vel
716 3446 750 3510 iu
785 3446 853 3511 suis
887 3451 1114 3530 operationibu
