2817 4317
717 327 729 367 Ι

1046 366 1109 434 197

518 544 637 603 CAPUT
655 544 820 601 TERTIUM.

164 713 169 766 ς
225 670 395 757 Quomodo
422 674 538 739 modos
566 678 629 741 isto
650 679 786 742 unionis
806 677 934 742 medius
954 679 1000 741 ait
1021 680 1109 742 inter

223 782 380 841 ustionem
415 802 500 865 quoe
529 776 567 861 fit
598 782 633 843 ito
665 780 770 866 qlorio
798 804 858 865 per·
890 784 1044 845 visionem
1076 792 1109 846 et

225 905 370 945 amorem
393 881 591 966 beatificum,
625 895 657 950 et
684 888 774 949 inter
795 887 949 948 senionem
967 910 1051 968 quoe
1071 883 1110 968 fit

227 988 267 1049 in
290 985 352 1049 lino
374 989 442 1050 vito
473 1011 547 1051 oum
569 989 696 1053 auxilio
725 990 890 1052 ordinario
918 1011 979 1076 per
1001 1000 1110 1053 autom

443 1088 533 1173 fidei,
555 1094 634 1179 spei,
657 1101 688 1156 et
711 1091 895 1155 alteritatis.

398 1222 466 1277 lbid.
485 1240 530 1279 nu.
548 1226 572 1280 7.
591 1226 616 1291 S.
636 1222 821 1279 Nihilominus
841 1227 944 1277 tamen.

270 1348 411 1426 Quartus
435 1351 549 1415 modus
572 1353 715 1436 unionis,
747 1352 875 1437 dequo
899 1354 952 1419 hio
970 1354 1108 1437 agimus,

222 1454 358 1521 multum
395 1454 601 1538 distinguitur
636 1460 677 1522 ab
714 1457 833 1523 unione
871 1456 926 1520 illa
957 1478 1041 1541 quae
1073 1457 1110 1521 fit

219 1559 256 1623 in
296 1557 403 1640 gloria
437 1578 499 1641 per
533 1561 693 1626 visionem
729 1569 762 1626 et
799 1580 940 1626 amorem
983 1561 1108 1626 beatifi-

221 1682 311 1743 oum,
359 1669 392 1725 et
432 1664 480 1752 ab*
507 1664 623 1729 unione
665 1684 750 1747 quae
790 1665 825 1728 lit
863 1665 895 1727 in
940 1665 1003 1728 hoo
1043 1666 1109 1729 vita

222 1786 298 1831 oum
331 1766 450 1830 auxilio
482 1766 645 1832 ordinario
671 1787 733 1850 per
766 1774 870 1830 aetum
899 1765 991 1846 fidei,
1029 1767 1111 1850 spei,

221 1877 258 1934 et
286 1871 468 1952 eharitatis,
500 1873 597 1937 etiam
632 1872 663 1935 in
701 1871 780 1934 viris
814 1869 978 1953 perfectis
1028 1869 1109 1933 Nam

221 1975 284 2040 illa
306 1977 382 2041 unio
406 1977 490 2041 inter
512 1975 571 2041 has
602 1977 682 2041 duas
716 1977 865 2041 unionum
889 1975 1020 2057 speeies
1043 1995 1111 2038 mo·

224 2081 283 2145 dio
316 2081 413 2145 modo
445 2102 483 2145 se
514 2082 621 2147 habet.
665 2081 739 2145 Non
770 2081 853 2144 enim
880 2077 915 2143 fit
936 2097 997 2161 per
1019 2086 1111 2144 notus

227 2193 358 2248 nostros
382 2204 453 2249 oum
479 2185 599 2251 auxilio
616 2186 790 2268 ordinario,
813 2185 871 2249 sod
896 2203 966 2250 oum
990 2185 1110 2249 influxu

228 2288 286 2352 Dei
318 2289 571 2371 specialissimo,
594 2310 657 2373 quo
680 2292 734 2355 isti
758 2297 849 2355 aolus
872 2289 903 2351 iu
927 2289 1031 2353 anima
1054 2288 1112 2354 do-

225 2402 303 2457 vota
329 2393 509 2457 excitantur
542 2400 574 2456 et
592 2395 790 2472 formantur,
822 2394 895 2475 ipsa
918 2412 955 2456 se
978 2394 1112 2476 passive

225 2499 382 2575 habento,
415 2495 446 2560 id
482 2505 549 2576 ost,
581 2513 643 2559 non
672 2497 775 2560 libero
808 2505 1008 2579 oooporanto
1030 2496 1109 2581 (etsi

225 2602 371 2667 vitaliter
405 2597 596 2683 concurrat]
631 2601 715 2665 siout
747 2600 778 2664 in
811 2601 950 2666 motibus
981 2604 1109 2685 gratiae

225 2705 522 2792 praevenientibus.
566 2704 632 2770 Per
658 2704 743 2769 tales
774 2711 867 2769 aetus
890 2705 979 2770 Deos
1001 2714 1110 2790 potest

224 2814 353 2878 animae
378 2819 631 2894 repraesentare
653 2810 811 2893 quidquid
847 2812 920 2896 ipse
960 2814 1109 2897 voluerit,

222 2917 397 2984 efficiendo
421 2923 454 2981 ut
477 2918 549 3000 ipsa
572 2914 735 2998 oonoipiat
754 2915 916 2981 intolleotu
941 2919 1109 3001 mirabilia,

221 3023 417 3104 ineffabilia,
449 3022 551 3085 looem
584 3022 792 3103 immensam,
823 3021 1027 3085 solitudinem
1050 3023 1108 3087 im·

222 3146 386 3209 mensam,
429 3126 699 3210 pulchritudinem
738 3126 1109 3212 incomprehensibilem,

223 3232 363 3320 gloriam
387 3231 574 3312 coelestem,
597 3238 630 3293 et
654 3229 718 3295 alia
737 3229 907 3316 stupenda,
930 3249 1014 3312 quae
1030 3252 1106 3297 san·
