2817 4317
261 546 324 612 304

261 738 352 820 Resp.
398 735 466 801 Sed
490 735 592 803 libera
615 754 674 801 nos
697 754 718 800 a
741 736 834 801 malo.

265 842 348 905 Vera.
394 839 538 922 Domine,
558 839 675 905 exaudi
698 840 876 905 orationem
901 861 1023 910 meam.

261 946 351 1027 Rerp.
396 942 438 1009 Et
460 944 582 1010 elamor
605 963 695 1009 mens
718 945 760 1009 ad
784 953 816 1011 te
839 947 961 1011 veniat.

625 1111 779 1172 OREMUS.

305 1253 411 1335 Beue,
435 1250 529 1336 cujus
565 1250 792 1332 magnitudinis
815 1270 878 1315 non
911 1260 965 1317 est
987 1274 1143 1337 mensura,

262 1356 355 1442 eujus
378 1358 557 1441 sapientiae
580 1375 643 1419 nen
667 1364 719 1420 est
739 1356 819 1434 finis,
842 1357 937 1440 nujus
959 1360 1143 1425 misericer-

262 1462 336 1527 diae
363 1480 425 1525 nnn
451 1469 500 1524 est
524 1480 690 1541 uumeruS,
714 1460 756 1523 da
779 1480 993 1542 quaesumus,
1018 1484 1079 1545 per
1100 1465 1142 1527 in·

261 1565 465 1632 venationem
477 1565 683 1632 ineffabilium
699 1568 857 1631 nominum
872 1571 1008 1647 turnum,
1029 1576 1066 1633 ut
1079 1588 1142 1633 eun

262 1672 407 1737 omnibus
431 1662 542 1736 eiectis
574 1679 716 1734 nostrum
741 1670 878 1735 omnium
912 1672 1044 1736 nomine
1070 1675 1143 1739 seri·

262 1776 378 1838 bantur
394 1774 433 1837 in
457 1774 568 1839 coelis.
614 1774 678 1838 Per
701 1773 876 1838 Dominum·
892 1771 1053 1842 nostrum.

577 1961 662 2014 ann
684 1959 838 2028 suarm„

303 2088 413 2170 DeuS,
434 2090 487 2170 qui
512 2086 887 2172 incomprehensibilium
909 2088 1141 2172 perfectionum

263 2201 386 2258 tuarum
405 2194 563 2276 vestigia,
596 2194 697 2257 tribus
730 2194 839 2276 digitis
862 2194 1060 2278 sapientiae,
1091 2215 1142 2281 pn

231 2299 392 2378 dentiae,
423 2306 456 2360 et
478 2295 631 2362 bonitatis
655 2306 730 2362 tuae
761 2297 921 2363 ursaturis
957 2300 1024 2363 tuis
1054 2301 1142 2364 mira·

262 2404 370 2468 biiiter
393 2401 555 2484 inprimis,
580 2403 724 2467 enneede
755 2403 884 2467 famulis
907 2405 988 2484 tuis,
1025 2413 1061 2469 nt
1083 2423 1142 2482 eos,

262 2529 282 2572 a
329 2509 454 2589 quibus
493 2507 615 2571 infinita
661 2508 905 2574 miserirordiae
950 2495 1142 2593 'dignatione

262 2612 448 2676 duleissimn
480 2611 586 2675 Patris
621 2612 747 2676 nomine
782 2611 971 2696 compellari
1009 2615 1142 2693 voluisti,

262 2716 306 2780 ita
328 2716 463 2780 filiorum
488 2715 714 2781 sublimitatem
747 2719 927 2799 agnnseere
949 2718 1086 2796 'faeias,
1116 2728 1143 2783 nt

262 2813 505 2905 perfectionum
519 2803 642 2885 tuarum
667 2820 847 2883 imitatores
863 2807 982 2898 efferati,
1007 2824 1141 2907 perfecti

261 2927 334 3008 sint,
357 2927 440 2989 sieut
462 2934 495 2989 tu
518 2925 617 2989 Pater
650 2932 763 2987 nester
796 2924 951 2988 eoelestis
980 2930 1143 3009 perfectus

261 3051 307 3097 es.
352 3030 417 3094 Per
439 3030 606 3096 Dominum
630 3038 775 3094 nostrum
797 3037 857 3093 ete.

580 3219 664 3273 auin
685 3219 828 3277 onemo.

304 3348 416 3415 Saneti
439 3354 573 3417 nominis
596 3358 649 3431 tui,
674 3329 827 3433 Do'mine,
850 3335 1001 3420 timorem
1025 3356 1146 3439 pariter
1185 3381 1187 3460 p

261 3459 293 3516 et
316 3472 457 3520 amorem
488 3456 559 3541 iae,
577 3474 637 3521 nos
672 3456 793 3522 habere
822 3463 1039 3554 perpetuum
1077 3461 1145 3545 qnia
