2817 4317
318 565 383 633 254

361 755 475 836 Neque
506 753 556 817 his
584 755 694 817 obstat
722 751 817 834 quod.
833 751 1023 835 magnitudo
1048 771 1196 838 uespera·

319 860 359 923 lis
386 867 419 922 et
441 857 598 942 spiritalis
632 876 696 923 non
728 858 901 932 videantur
934 875 1039 941 posse
1072 878 1197 943 eompa-

319 965 402 1045 rari3
440 963 514 1047 qnia
548 962 610 1027 etsi
644 980 709 1026 non
736 962 862 1045 possint
885 962 1076 1046 eomparani
1095 964 1128 1027 in
1148 983 1197 1027 ne·

318 1078 405 1149 tura,
429 1072 565 1151 possunt
587 1072 693 1131 tamen
716 1066 747 1129 in
765 1065 891 1129 ratione
914 1067 1141 1151 extensionis,
1173 1076 1202 1131 ut

319 1174 440 1255 passim
464 1169 651 1254 philosophi
676 1176 709 1233 et
732 1169 877 1251 theologi
893 1169 1032 1253 >tradunt
1060 1172 1105 1237 de
1140 1172 1201 1238 ani·

321 1297 373 1344 ma
409 1287 442 1340 et
473 1293 630 1358 corpore,
668 1272 711 1351 tle
739 1270 878 1357 Angelis
908 1282 1089 1340 eteorum
1123 1275 1202 1342 louis

243 1436 245 1440 ,
318 1380 519 1461 adaequatis.
565 1379 697 1444 Ratione
725 1381 942 1447 immensitatis
967 1397 1049 1446 sune
1081 1381 1202 1462 passim

317 1485 348 1548 in
372 1482 553 1565 Soripturis
577 1481 662 1546 Deus
688 1482 805 1546 dieitur
826 1500 973 1566 muqnm,
990 1488 1022 1549 et
1048 1488 1204 1567 mannitu-

318 1591 400 1655 dim's
422 1592 491 1667 ejus
521 1605 583 1652 nun
617 1603 685 1653 esse
717 1586 798 1667 tinia
844 1586 1003 1652 Convenit
1036 1569 1149 1658 tamen
1179 1590 1204 1656 ei

318 1690 497 1777 appellatio
520 1693 601 1756 haeu
624 1691 720 1756 etiam
743 1692 921 1761 seeundum
944 1692 1007 1759 alia
1041 1694 1205 1759 attributa

225 1884 226 1887 Ἴ
318 1797 380 1865 Est
400 1797 483 1862 enim
507 1816 641 1879 magnus
670 1787 831 1881 potentia,
854 1778 995 1879 magnus
1031 1798 1205 1889 sapientie,

319 1922 455 1983 magnus
475 1902 656 1981 sanctitate,
678 1899 862 1983 majestate,
892 1908 925 1963 et
954 1901 1076 1966 ceteris
1099 1904 1206 1986 peris·

320 2006 488 2076 etionihns.
530 2000 625 2070 Unde
647 2004 777 2087 qnando
800 2006 833 2069 in
850 2003 1030 2089 Scriptus-is
1051 2006 1205 2084 absolute

319 2129 453 2192 magnus
474 2110 599 2184 dieitur,
623 2108 866 2191 intelligendum
882 2114 935 2173 est
948 2112 1026 2173 esse
1043 2129 1206 2195 magnum,

319 2214 516 2293 immensum,
540 2219 572 2276 et
591 2210 759 2288 infinitum,
789 2209 964 2277 seeundum
986 2230 1105 2280 omnes
1130 2233 1206 2299 per·

318 2318 478 2384 lectiones
513 2334 595 2402 qnae
628 2316 657 2380 ei
693 2314 903 2397 conveniunt,
924 2322 978 2399 vut·
1003 2316 1132 2384 Psalm.
1154 2315 1202 2384 m.

319 2408 454 2503 Moenus
476 2419 628 2486 Dominus
650 2425 679 2484 et
701 2419 868 2500 hahebitis
888 2422 996 2499 ninum,
1014 2424 1060 2497 in
1082 2425 1206 2490 doitmt

320 2528 379 2592 Det
400 2526 509 2604 nostri,
531 2525 564 2589 in
586 2529 689 2590 monte
719 2528 827 2590 saneto
855 2530 933 2606 ejus.
977 2524 1126 2609 Magnus
1152 2546 1206 2611 po

224 2630 226 2633 ’
320 2630 428 2709 tentia,
451 2629 621 2710 sapientia,
644 2629 825 2707 sanctitate,
840 2626 984 2712 justitia,
1017 2628 1205 2718 miseniens-

321 2734 390 2815 dia,
423 2740 484 2798 eto.
512 2731 620 2796 Psalm
658 2732 716 2798 94:
763 2732 918 2812 Quoniam
937 2731 1039 2798 ,oms
1071 2750 1204 2817 mopsus

321 2837 488 2917 Dominus,
522 2823 554 2902 et
573 2837 640 2901 lim
671 2852 805 2916 mannus
839 2852 935 2917 super
970 2852 1080 2902 omnes
1117 2826 1205 2904 Deus.

321 2941 425 3007 Simili
448 2940 544 3006 modo
567 2960 642 3004 esse
664 2940 837 3018 inlinitum,
859 2940 1067 3027 immensum,
1103 2949 1205 3007 aeter·

315 3033 667 3132 .nnni,immntabilem,
690 3043 920 3122 immortalem,
951 3044 1206 3129 incomprehen-

321 3149 461 3227 sibilem,
495 3148 691 3213 eonveninnt
716 3147 849 3212 illinon
872 3148 976 3214 solunt
1000 3150 1135 3218 ratione
1158 3171 1206 3216 es·

321 3255 461 3333 sentiae,
495 3252 556 3317 sed
588 3252 684 3317 etiam
711 3249 887 3319 seeundum
911 3253 1019 3318 omnia
1042 3245 1207 3336 attribute,

321 3357 427 3443 (quod
451 3357 548 3423 valde
566 3354 844 3432 'considerandum
867 3354 936 3442 est)
962 3364 996 3423 et
1021 3362 1204 3430 ‘seoundnn

323 3463 543 3548 proprietates
562 3462 769 3544 personales.
