<?xml version="1.0" encoding="UTF-8"?>
<!DOCTYPE html PUBLIC "-//W3C//DTD XHTML 1.0 Transitional//EN"
    "http://www.w3.org/TR/xhtml1/DTD/xhtml1-transitional.dtd">
<html xmlns="http://www.w3.org/1999/xhtml" xml:lang="en" lang="en">
 <head>
  <title>
</title>
<meta http-equiv="Content-Type" content="text/html;charset=utf-8" />
  <meta name='ocr-system' content='tesseract 3.04.00' />
  <meta name='ocr-capabilities' content='ocr_page ocr_carea ocr_par ocr_line ocrx_word'/>
</head>
<body>
  <div class='ocr_page' id='page_1' title='image "./leonardilessiio00lessgoog_0160.png"; bbox 0 0 2817 4317; ppageno 0'>
   <div class='ocr_carea' id='block_1_1' title="bbox 1092 554 1157 650">
    <p class='ocr_par' dir='ltr' id='par_1_1' title="bbox 1092 554 1157 650">
     <span class='ocr_line' id='line_1_1' title="bbox 1092 554 1157 650; baseline 0 -26"><span class='ocrx_word' id='word_1_1' title='bbox 1092 554 1157 650; x_wconf 75' lang='lat'><strong>1⁵⁹</strong></span> 
     </span>
    </p>
   </div>
   <div class='ocr_carea' id='block_1_2' title="bbox 216 734 1257 3535">
    <p class='ocr_par' dir='ltr' id='par_1_2' title="bbox 216 734 1257 3535">
     <span class='ocr_line' id='line_1_2' title="bbox 268 734 1155 821; baseline -0.003 -6"><span class='ocrx_word' id='word_1_2' title='bbox 268 763 332 815; x_wconf 76' lang='lat' dir='ltr'><strong>reas</strong></span> <span class='ocrx_word' id='word_1_3' title='bbox 352 761 441 811; x_wconf 78' lang='lat' dir='ltr'><strong>meet</strong></span> <span class='ocrx_word' id='word_1_4' title='bbox 462 744 612 821; x_wconf 71' lang='lat' dir='ltr'><strong>eiurata,</strong></span> <span class='ocrx_word' id='word_1_5' title='bbox 640 751 670 811; x_wconf 90' lang='lat' dir='ltr'><strong>et</strong></span> <span class='ocrx_word' id='word_1_6' title='bbox 690 743 870 811; x_wconf 72' lang='lat' dir='ltr'><strong><em>habitavero</em></strong></span> <span class='ocrx_word' id='word_1_7' title='bbox 891 748 926 812; x_wconf 83' lang='lat' dir='ltr'><strong>ia</strong></span> <span class='ocrx_word' id='word_1_8' title='bbox 947 734 1064 813; x_wconf 76' lang='lat' dir='ltr'><strong>intimis</strong></span> <span class='ocrx_word' id='word_1_9' title='bbox 1085 765 1155 812; x_wconf 86' lang='lat' dir='ltr'><strong>mu·</strong></span> 
     </span>
     <span class='ocr_line' id='line_1_3' title="bbox 265 847 1153 932; baseline -0.001 -16"><span class='ocrx_word' id='word_1_10' title='bbox 265 855 331 932; x_wconf 80' lang='lat' dir='ltr'><strong>ria,</strong></span> <span class='ocrx_word' id='word_1_11' title='bbox 354 853 465 916; x_wconf 79' lang='lat' dir='ltr'><strong><em>etenim</em></strong></span> <span class='ocrx_word' id='word_1_12' title='bbox 489 847 562 915; x_wconf 81' lang='lat' dir='ltr'><strong>iliae</strong></span> <span class='ocrx_word' id='word_1_13' title='bbox 583 853 770 915; x_wconf 74' lang='lat' dir='ltr'><strong>manustra</strong></span> <span class='ocrx_word' id='word_1_14' title='bbox 790 850 918 916; x_wconf 79' lang='lat' dir='ltr'><strong>dederet</strong></span> <span class='ocrx_word' id='word_1_15' title='bbox 938 868 996 931; x_wconf 86' lang='lat' dir='ltr'><strong>me,</strong></span> <span class='ocrx_word' id='word_1_16' title='bbox 1018 856 1046 915; x_wconf 87' lang='lat' dir='ltr'><strong>et</strong></span> <span class='ocrx_word' id='word_1_17' title='bbox 1069 855 1153 916; x_wconf 81' lang='lat' dir='ltr'><strong>tetre·</strong></span> 
     </span>
     <span class='ocr_line' id='line_1_4' title="bbox 266 952 1152 1021; baseline -0.002 0"><span class='ocrx_word' id='word_1_18' title='bbox 266 956 311 1021; x_wconf 84' lang='lat' dir='ltr'><strong>bit</strong></span> <span class='ocrx_word' id='word_1_19' title='bbox 338 972 388 1019; x_wconf 88' lang='lat' dir='ltr'><strong>me</strong></span> <span class='ocrx_word' id='word_1_20' title='bbox 421 955 550 1019; x_wconf 77' lang='lat' dir='ltr'><strong>deutera</strong></span> <span class='ocrx_word' id='word_1_21' title='bbox 585 957 648 1019; x_wconf 84' lang='lat' dir='ltr'><strong>tue.</strong></span> <span class='ocrx_word' id='word_1_22' title='bbox 693 952 766 1017; x_wconf 84' lang='lat' dir='ltr'><strong>Vae</strong></span> <span class='ocrx_word' id='word_1_23' title='bbox 788 954 969 1017; x_wconf 84' lang='lat' dir='ltr'><strong>mortalium</strong></span> <span class='ocrx_word' id='word_1_24' title='bbox 993 956 1152 1020; x_wconf 84' lang='lat' dir='ltr'><strong>mantibus</strong></span> 
     </span>
     <span class='ocr_line' id='line_1_5' title="bbox 216 1043 1152 1141; baseline 0.002 -21"><span class='ocrx_word' id='word_1_25' title='bbox 216 1043 236 1050; x_wconf 65' lang='grc'><strong>”’</strong></span> <span class='ocrx_word' id='word_1_26' title='bbox 268 1077 328 1120; x_wconf 88' lang='lat' dir='ltr'><strong>sua</strong></span> <span class='ocrx_word' id='word_1_27' title='bbox 353 1056 472 1120; x_wconf 87' lang='lat' dir='ltr'><strong>malitia</strong></span> <span class='ocrx_word' id='word_1_28' title='bbox 495 1058 696 1121; x_wconf 74' lang='lat' dir='ltr'>obcaecatis!</span> <span class='ocrx_word' id='word_1_29' title='bbox 742 1054 814 1121; x_wconf 84' lang='lat' dir='ltr'><strong>Vas</strong></span> <span class='ocrx_word' id='word_1_30' title='bbox 850 1057 1004 1135; x_wconf 73' lang='lat' dir='ltr'><strong>cordibus</strong></span> <span class='ocrx_word' id='word_1_31' title='bbox 1038 1058 1152 1141; x_wconf 88' lang='lat' dir='ltr'><strong>iusipi-</strong></span> 
     </span>
     <span class='ocr_line' id='line_1_6' title="bbox 267 1159 1153 1243; baseline 0.001 -18"><span class='ocrx_word' id='word_1_32' title='bbox 267 1160 410 1240; x_wconf 84' lang='lat' dir='ltr'><strong>entium‚.</strong></span> <span class='ocrx_word' id='word_1_33' title='bbox 437 1159 578 1225; x_wconf 82' lang='lat' dir='ltr'><strong>tenebris</strong></span> <span class='ocrx_word' id='word_1_34' title='bbox 609 1167 817 1243; x_wconf 75' lang='lat' dir='ltr'><strong>peecatorum</strong></span> <span class='ocrx_word' id='word_1_35' title='bbox 840 1160 971 1224; x_wconf 85' lang='lat' dir='ltr'><strong>obsitis!</strong></span> <span class='ocrx_word' id='word_1_36' title='bbox 1016 1159 1153 1226; x_wconf 80' lang='lat' dir='ltr'><strong>Caelum</strong></span> 
     </span>
     <span class='ocr_line' id='line_1_7' title="bbox 242 1260 1153 1346; baseline -0.001 -18"><span class='ocrx_word' id='word_1_37' title='bbox 242 1260 301 1329; x_wconf 73' lang='lat' dir='ltr'><strong>&#39;ot</strong></span> <span class='ocrx_word' id='word_1_38' title='bbox 325 1272 444 1329; x_wconf 83' lang='lat' dir='ltr'><strong>terram</strong></span> <span class='ocrx_word' id='word_1_39' title='bbox 464 1264 591 1345; x_wconf 83' lang='lat' dir='ltr'><strong>imples,</strong></span> <span class='ocrx_word' id='word_1_40' title='bbox 614 1272 648 1329; x_wconf 86' lang='lat' dir='ltr'><strong>ei</strong></span> <span class='ocrx_word' id='word_1_41' title='bbox 670 1272 776 1328; x_wconf 86' lang='lat' dir='ltr'><strong>tamen</strong></span> <span class='ocrx_word' id='word_1_42' title='bbox 798 1283 817 1327; x_wconf 87' lang='lat' dir='ltr'><strong>a</strong></span> <span class='ocrx_word' id='word_1_43' title='bbox 837 1264 982 1346; x_wconf 83' lang='lat' dir='ltr'><strong>plurimis</strong></span> <span class='ocrx_word' id='word_1_44' title='bbox 1006 1282 1069 1328; x_wconf 89' lang='lat' dir='ltr'><strong>nou</strong></span> <span class='ocrx_word' id='word_1_45' title='bbox 1093 1284 1153 1344; x_wconf 85' lang='lat' dir='ltr'><strong>ag·</strong></span> 
     </span>
     <span class='ocr_line' id='line_1_8' title="bbox 265 1366 1151 1449; baseline -0.002 -18"><span class='ocrx_word' id='word_1_46' title='bbox 265 1367 432 1431; x_wconf 80' lang='lat' dir='ltr'><strong>nosceris:</strong></span> <span class='ocrx_word' id='word_1_47' title='bbox 457 1368 604 1430; x_wconf 88' lang='lat' dir='ltr'><strong>omuibus</strong></span> <span class='ocrx_word' id='word_1_48' title='bbox 627 1366 736 1430; x_wconf 87' lang='lat' dir='ltr'><strong>intima</strong></span> <span class='ocrx_word' id='word_1_49' title='bbox 755 1386 914 1449; x_wconf 81' lang='lat' dir='ltr'><strong>praesens</strong></span> <span class='ocrx_word' id='word_1_50' title='bbox 935 1367 1028 1446; x_wconf 83' lang='lat' dir='ltr'><strong>adas,</strong></span> <span class='ocrx_word' id='word_1_51' title='bbox 1052 1373 1085 1429; x_wconf 85' lang='lat' dir='ltr'><strong>et</strong></span> <span class='ocrx_word' id='word_1_52' title='bbox 1100 1368 1151 1449; x_wconf 80' lang='lat' dir='ltr'><strong>ig·</strong></span> 
     </span>
     <span class='ocr_line' id='line_1_9' title="bbox 233 1469 1153 1554; baseline 0 -19"><span class='ocrx_word' id='word_1_53' title='bbox 233 1519 242 1546; x_wconf 58' lang='lat' dir='ltr'><em>s</em></span> <span class='ocrx_word' id='word_1_54' title='bbox 265 1470 404 1535; x_wconf 82' lang='lat' dir='ltr'><strong>notaris.</strong></span> <span class='ocrx_word' id='word_1_55' title='bbox 451 1469 563 1535; x_wconf 87' lang='lat' dir='ltr'><strong>Omnia</strong></span> <span class='ocrx_word' id='word_1_56' title='bbox 586 1488 691 1547; x_wconf 78' lang='lat' dir='ltr'><strong>ereas,</strong></span> <span class='ocrx_word' id='word_1_57' title='bbox 717 1472 849 1549; x_wconf 81' lang='lat' dir='ltr'><strong>turmas,</strong></span> <span class='ocrx_word' id='word_1_58' title='bbox 872 1470 986 1549; x_wconf 88' lang='lat' dir='ltr'><strong>nutris,</strong></span> <span class='ocrx_word' id='word_1_59' title='bbox 1008 1471 1153 1554; x_wconf 78' lang='lat' dir='ltr'><strong>perficis,</strong></span> 
     </span>
     <span class='ocr_line' id='line_1_10' title="bbox 265 1576 1177 1663; baseline 0.002 -25"><span class='ocrx_word' id='word_1_60' title='bbox 265 1582 440 1655; x_wconf 87' lang='lat' dir='ltr'><strong>sustentas,</strong></span> <span class='ocrx_word' id='word_1_61' title='bbox 463 1577 646 1657; x_wconf 83' lang='lat' dir='ltr'><strong>guberuas3</strong></span> <span class='ocrx_word' id='word_1_62' title='bbox 669 1582 702 1638; x_wconf 83' lang='lat' dir='ltr'><strong>at</strong></span> <span class='ocrx_word' id='word_1_63' title='bbox 725 1583 756 1638; x_wconf 85' lang='lat' dir='ltr'><strong>te</strong></span> <span class='ocrx_word' id='word_1_64' title='bbox 780 1576 892 1639; x_wconf 85' lang='lat' dir='ltr'><strong>horum</strong></span> <span class='ocrx_word' id='word_1_65' title='bbox 916 1576 1054 1640; x_wconf 86' lang='lat' dir='ltr'><strong>omnium</strong></span> <span class='ocrx_word' id='word_1_66' title='bbox 1078 1577 1150 1646; x_wconf 88' lang='lat' dir='ltr'><strong>iou·</strong></span> <span class='ocrx_word' id='word_1_67' title='bbox 1174 1659 1177 1663; x_wconf 21' lang='grc' dir='ltr'>Ι</span> 
     </span>
     <span class='ocr_line' id='line_1_11' title="bbox 260 1668 1152 1762; baseline 0 -19"><span class='ocrx_word' id='word_1_68' title='bbox 260 1686 332 1755; x_wconf 81' lang='lat' dir='ltr'><strong>tam</strong></span> <span class='ocrx_word' id='word_1_69' title='bbox 367 1685 399 1741; x_wconf 84' lang='lat' dir='ltr'><strong>et</strong></span> <span class='ocrx_word' id='word_1_70' title='bbox 434 1684 599 1744; x_wconf 69' lang='lat' dir='ltr'><strong>auctorem</strong></span> <span class='ocrx_word' id='word_1_71' title='bbox 632 1686 762 1760; x_wconf 82' lang='lat' dir='ltr'><strong>negant.</strong></span> <span class='ocrx_word' id='word_1_72' title='bbox 807 1678 961 1744; x_wconf 86' lang='lat' dir='ltr'><strong>Omnibus</strong></span> <span class='ocrx_word' id='word_1_73' title='bbox 985 1681 1043 1744; x_wconf 84' lang='lat' dir='ltr'><strong>das</strong></span> <span class='ocrx_word' id='word_1_74' title='bbox 1066 1668 1152 1762; x_wconf 80' lang='lat' dir='ltr'><strong>essa,</strong></span> 
     </span>
     <span class='ocr_line' id='line_1_12' title="bbox 264 1782 1152 1871; baseline 0.002 -24"><span class='ocrx_word' id='word_1_75' title='bbox 264 1791 300 1871; x_wconf 75' lang='lat' dir='ltr'><strong>at</strong></span> <span class='ocrx_word' id='word_1_76' title='bbox 323 1789 355 1846; x_wconf 89' lang='lat' dir='ltr'><strong>te</strong></span> <span class='ocrx_word' id='word_1_77' title='bbox 378 1801 453 1859; x_wconf 83' lang='lat' dir='ltr'><strong>essa</strong></span> <span class='ocrx_word' id='word_1_78' title='bbox 482 1801 547 1846; x_wconf 91' lang='lat' dir='ltr'><strong>uon</strong></span> <span class='ocrx_word' id='word_1_79' title='bbox 575 1782 719 1847; x_wconf 79' lang='lat' dir='ltr'><strong>creduut.</strong></span> <span class='ocrx_word' id='word_1_80' title='bbox 764 1782 898 1847; x_wconf 85' lang='lat' dir='ltr'><strong>Infinitis</strong></span> <span class='ocrx_word' id='word_1_81' title='bbox 926 1783 1031 1847; x_wconf 87' lang='lat' dir='ltr'><strong>modis</strong></span> <span class='ocrx_word' id='word_1_82' title='bbox 1066 1791 1152 1849; x_wconf 83' lang='lat' dir='ltr'><strong>tuam</strong></span> 
     </span>
     <span class='ocr_line' id='line_1_13' title="bbox 264 1885 1151 1970; baseline 0.003 -19"><span class='ocrx_word' id='word_1_83' title='bbox 264 1887 453 1970; x_wconf 76' lang='lat' dir='ltr'><strong>potentiam,</strong></span> <span class='ocrx_word' id='word_1_84' title='bbox 476 1886 678 1969; x_wconf 82' lang='lat' dir='ltr'><strong>sapientiam,</strong></span> <span class='ocrx_word' id='word_1_85' title='bbox 698 1885 875 1951; x_wconf 84' lang='lat' dir='ltr'><strong>bonitatem</strong></span> <span class='ocrx_word' id='word_1_86' title='bbox 896 1887 1151 1954; x_wconf 80' lang='lat' dir='ltr'><strong>misericordiam</strong></span> 
     </span>
     <span class='ocr_line' id='line_1_14' title="bbox 265 1989 1153 2074; baseline -0.005 -16"><span class='ocrx_word' id='word_1_87' title='bbox 265 1998 301 2058; x_wconf 82' lang='lat' dir='ltr'><strong>et</strong></span> <span class='ocrx_word' id='word_1_88' title='bbox 326 1989 487 2073; x_wconf 84' lang='lat' dir='ltr'><strong>justitiam</strong></span> <span class='ocrx_word' id='word_1_89' title='bbox 511 1990 634 2074; x_wconf 86' lang='lat' dir='ltr'><strong>prodis,</strong></span> <span class='ocrx_word' id='word_1_90' title='bbox 655 1990 858 2071; x_wconf 84' lang='lat' dir='ltr'><strong>omniumque</strong></span> <span class='ocrx_word' id='word_1_91' title='bbox 882 1989 985 2054; x_wconf 85' lang='lat' dir='ltr'><strong>oeulis</strong></span> <span class='ocrx_word' id='word_1_92' title='bbox 1010 1990 1153 2074; x_wconf 77' lang='lat' dir='ltr'><strong>ingeris5</strong></span> 
     </span>
     <span class='ocr_line' id='line_1_15' title="bbox 266 2091 1152 2178; baseline -0.005 -18"><span class='ocrx_word' id='word_1_93' title='bbox 266 2103 302 2160; x_wconf 80' lang='lat' dir='ltr'><strong>at</strong></span> <span class='ocrx_word' id='word_1_94' title='bbox 335 2103 495 2178; x_wconf 80' lang='lat' dir='ltr'><strong>tamquam</strong></span> <span class='ocrx_word' id='word_1_95' title='bbox 532 2093 625 2160; x_wconf 82' lang='lat' dir='ltr'><strong>aaaai</strong></span> <span class='ocrx_word' id='word_1_96' title='bbox 657 2111 720 2157; x_wconf 91' lang='lat' dir='ltr'><strong>uou</strong></span> <span class='ocrx_word' id='word_1_97' title='bbox 748 2093 941 2176; x_wconf 75' lang='lat' dir='ltr'><strong>percipiunt.</strong></span> <span class='ocrx_word' id='word_1_98' title='bbox 986 2091 1096 2161; x_wconf 84' lang='lat' dir='ltr'><strong>Omnis</strong></span> <span class='ocrx_word' id='word_1_99' title='bbox 1120 2100 1152 2159; x_wconf 83' lang='lat' dir='ltr'><strong>te</strong></span> 
     </span>
     <span class='ocr_line' id='line_1_16' title="bbox 264 2196 1155 2282; baseline 0 -19"><span class='ocrx_word' id='word_1_100' title='bbox 264 2206 381 2263; x_wconf 87' lang='lat' dir='ltr'><strong>natura</strong></span> <span class='ocrx_word' id='word_1_101' title='bbox 403 2220 510 2264; x_wconf 83' lang='lat' dir='ltr'><strong>rerum</strong></span> <span class='ocrx_word' id='word_1_102' title='bbox 535 2198 720 2282; x_wconf 74' lang='lat' dir='ltr'><strong>praedicat,</strong></span> <span class='ocrx_word' id='word_1_103' title='bbox 759 2205 791 2259; x_wconf 88' lang='lat' dir='ltr'><strong>et</strong></span> <span class='ocrx_word' id='word_1_104' title='bbox 811 2197 853 2261; x_wconf 89' lang='lat' dir='ltr'><strong>ad</strong></span> <span class='ocrx_word' id='word_1_105' title='bbox 877 2196 1155 2280; x_wconf 76' lang='lat' dir='ltr'><strong>praedicationem</strong></span> 
     </span>
     <span class='ocr_line' id='line_1_17' title="bbox 266 2302 1155 2369; baseline 0.003 -3"><span class='ocrx_word' id='word_1_106' title='bbox 266 2310 332 2367; x_wconf 82' lang='lat' dir='ltr'><strong>tam</strong></span> <span class='ocrx_word' id='word_1_107' title='bbox 370 2302 528 2367; x_wconf 83' lang='lat' dir='ltr'><strong>illustrem</strong></span> <span class='ocrx_word' id='word_1_108' title='bbox 569 2302 817 2367; x_wconf 76' lang='lat' dir='ltr'><strong>obsurdescunt.</strong></span> <span class='ocrx_word' id='word_1_109' title='bbox 878 2302 962 2367; x_wconf 77' lang='lat' dir='ltr'><strong>crete</strong></span> <span class='ocrx_word' id='word_1_110' title='bbox 1002 2309 1155 2369; x_wconf 78' lang='lat' dir='ltr'><strong>enarrant</strong></span> 
     </span>
     <span class='ocr_line' id='line_1_18' title="bbox 264 2407 1189 2496; baseline 0.001 -23"><span class='ocrx_word' id='word_1_111' title='bbox 264 2409 399 2491; x_wconf 73' lang='lat' dir='ltr'><strong>pierium</strong></span> <span class='ocrx_word' id='word_1_112' title='bbox 422 2407 496 2487; x_wconf 83' lang='lat' dir='ltr'><strong>Dei,</strong></span> <span class='ocrx_word' id='word_1_113' title='bbox 531 2413 560 2472; x_wconf 88' lang='lat' dir='ltr'><strong>et</strong></span> <span class='ocrx_word' id='word_1_114' title='bbox 592 2423 689 2496; x_wconf 76' lang='lat' dir='ltr'><strong>opera</strong></span> <span class='ocrx_word' id='word_1_115' title='bbox 720 2424 869 2472; x_wconf 81' lang='lat' dir='ltr'><strong>munaum</strong></span> <span class='ocrx_word' id='word_1_116' title='bbox 900 2412 968 2487; x_wconf 83' lang='lat' dir='ltr'><strong>ejus</strong></span> <span class='ocrx_word' id='word_1_117' title='bbox 990 2411 1156 2474; x_wconf 76' lang='lat' dir='ltr'><strong>annuatim</strong></span> <span class='ocrx_word' id='word_1_118' title='bbox 1185 2443 1189 2454; x_wconf 68' lang='grc'><strong><em>«</em></strong></span> 
     </span>
     <span class='ocr_line' id='line_1_19' title="bbox 264 2508 1146 2594; baseline -0.002 -17"><span class='ocrx_word' id='word_1_119' title='bbox 264 2512 503 2594; x_wconf 70' lang='lat' dir='ltr'><strong>firmamentum.</strong></span> <span class='ocrx_word' id='word_1_120' title='bbox 549 2509 662 2575; x_wconf 85' lang='lat' dir='ltr'><strong>Omnia</strong></span> <span class='ocrx_word' id='word_1_121' title='bbox 684 2511 841 2574; x_wconf 86' lang='lat' dir='ltr'><strong>ulamaut:</strong></span> <span class='ocrx_word' id='word_1_122' title='bbox 885 2510 959 2592; x_wconf 83' lang='lat' dir='ltr'><strong>ipse</strong></span> <span class='ocrx_word' id='word_1_123' title='bbox 986 2508 1061 2591; x_wconf 74' lang='lat' dir='ltr'><strong>feeit</strong></span> <span class='ocrx_word' id='word_1_124' title='bbox 1087 2528 1146 2577; x_wconf 83' lang='lat' dir='ltr'><strong>nes</strong></span> 
     </span>
     <span class='ocr_line' id='line_1_20' title="bbox 266 2614 1152 2697; baseline -0.005 -14"><span class='ocrx_word' id='word_1_125' title='bbox 266 2622 297 2683; x_wconf 87' lang='lat' dir='ltr'><strong>et</strong></span> <span class='ocrx_word' id='word_1_126' title='bbox 317 2634 381 2682; x_wconf 81' lang='lat' dir='ltr'><strong>aaa</strong></span> <span class='ocrx_word' id='word_1_127' title='bbox 399 2619 461 2697; x_wconf 80' lang='lat' dir='ltr'><strong>ipat</strong></span> <span class='ocrx_word' id='word_1_128' title='bbox 482 2632 549 2691; x_wconf 82' lang='lat' dir='ltr'><strong>nos,</strong></span> <span class='ocrx_word' id='word_1_129' title='bbox 570 2632 632 2678; x_wconf 84' lang='lat' dir='ltr'><strong>nau</strong></span> <span class='ocrx_word' id='word_1_130' title='bbox 652 2614 804 2679; x_wconf 82' lang='lat' dir='ltr'><strong>fortuitus</strong></span> <span class='ocrx_word' id='word_1_131' title='bbox 821 2619 998 2680; x_wconf 88' lang='lat' dir='ltr'><strong>atomorum</strong></span> <span class='ocrx_word' id='word_1_132' title='bbox 1015 2632 1152 2679; x_wconf 85' lang='lat' dir='ltr'><strong>aunem-</strong></span> 
     </span>
     <span class='ocr_line' id='line_1_21' title="bbox 266 2717 1153 2803; baseline 0.002 -19"><span class='ocrx_word' id='word_1_133' title='bbox 266 2739 333 2786; x_wconf 90' lang='lat' dir='ltr'><strong>sus.</strong></span> <span class='ocrx_word' id='word_1_134' title='bbox 378 2717 455 2803; x_wconf 83' lang='lat' dir='ltr'><strong>lpse</strong></span> <span class='ocrx_word' id='word_1_135' title='bbox 488 2738 547 2783; x_wconf 88' lang='lat' dir='ltr'><strong>sua</strong></span> <span class='ocrx_word' id='word_1_136' title='bbox 564 2718 726 2801; x_wconf 52' lang='lat' dir='ltr'><strong>‘potentia</strong></span> <span class='ocrx_word' id='word_1_137' title='bbox 757 2736 818 2782; x_wconf 89' lang='lat' dir='ltr'><strong>uos</strong></span> <span class='ocrx_word' id='word_1_138' title='bbox 850 2737 867 2780; x_wconf 86' lang='lat' dir='ltr'><strong><em>e</em></strong></span> <span class='ocrx_word' id='word_1_139' title='bbox 896 2719 994 2782; x_wconf 86' lang='lat' dir='ltr'><strong>nihilo</strong></span> <span class='ocrx_word' id='word_1_140' title='bbox 1016 2719 1048 2781; x_wconf 89' lang='lat' dir='ltr'><strong>iu</strong></span> <span class='ocrx_word' id='word_1_141' title='bbox 1069 2720 1153 2786; x_wconf 88' lang='lat' dir='ltr'><strong>haue</strong></span> 
     </span>
     <span class='ocr_line' id='line_1_22' title="bbox 265 2821 1154 2906; baseline 0.001 -19"><span class='ocrx_word' id='word_1_142' title='bbox 265 2824 371 2887; x_wconf 81' lang='lat' dir='ltr'><strong>lucem</strong></span> <span class='ocrx_word' id='word_1_143' title='bbox 406 2822 531 2887; x_wconf 83' lang='lat' dir='ltr'><strong>aduxit:</strong></span> <span class='ocrx_word' id='word_1_144' title='bbox 566 2823 639 2906; x_wconf 89' lang='lat' dir='ltr'><strong>ipse</strong></span> <span class='ocrx_word' id='word_1_145' title='bbox 669 2842 729 2888; x_wconf 87' lang='lat' dir='ltr'><strong>sua</strong></span> <span class='ocrx_word' id='word_1_146' title='bbox 753 2821 914 2906; x_wconf 81' lang='lat' dir='ltr'><strong>sapientia</strong></span> <span class='ocrx_word' id='word_1_147' title='bbox 936 2822 1097 2901; x_wconf 79' lang='lat' dir='ltr'><strong>formavit,</strong></span> <span class='ocrx_word' id='word_1_148' title='bbox 1121 2831 1154 2887; x_wconf 83' lang='lat' dir='ltr'><strong>st</strong></span> 
     </span>
     <span class='ocr_line' id='line_1_23' title="bbox 266 2919 1153 3010; baseline 0.001 -20"><span class='ocrx_word' id='word_1_149' title='bbox 266 2926 351 2994; x_wconf 79' lang='lat' dir='ltr'><strong>haus</strong></span> <span class='ocrx_word' id='word_1_150' title='bbox 373 2926 516 3009; x_wconf 80' lang='lat' dir='ltr'><strong>speeiem</strong></span> <span class='ocrx_word' id='word_1_151' title='bbox 537 2934 571 2991; x_wconf 81' lang='lat' dir='ltr'><strong>at</strong></span> <span class='ocrx_word' id='word_1_152' title='bbox 588 2926 858 3010; x_wconf 74' lang='lat' dir='ltr'><strong>pulchritudinem</strong></span> <span class='ocrx_word' id='word_1_153' title='bbox 876 2926 1057 3008; x_wconf 81' lang='lat' dir='ltr'><strong>impressit:</strong></span> <span class='ocrx_word' id='word_1_154' title='bbox 1081 2919 1153 3010; x_wconf 83' lang='lat' dir='ltr'><strong>ipsa</strong></span> 
     </span>
     <span class='ocr_line' id='line_1_24' title="bbox 260 3029 1150 3112; baseline 0.001 -20"><span class='ocrx_word' id='word_1_155' title='bbox 260 3047 326 3093; x_wconf 83' lang='lat' dir='ltr'><strong>sua</strong></span> <span class='ocrx_word' id='word_1_156' title='bbox 349 3029 492 3095; x_wconf 77' lang='lat' dir='ltr'><strong>bonitate</strong></span> <span class='ocrx_word' id='word_1_157' title='bbox 514 3037 700 3112; x_wconf 73' lang='lat' dir='ltr'><strong>conservat,</strong></span> <span class='ocrx_word' id='word_1_158' title='bbox 723 3050 782 3094; x_wconf 89' lang='lat' dir='ltr'><strong>sua</strong></span> <span class='ocrx_word' id='word_1_159' title='bbox 802 3029 1011 3112; x_wconf 84' lang='lat' dir='ltr'><strong>providentia</strong></span> <span class='ocrx_word' id='word_1_160' title='bbox 1027 3033 1150 3112; x_wconf 83' lang='lat' dir='ltr'><strong>guber-</strong></span> 
     </span>
     <span class='ocr_line' id='line_1_25' title="bbox 265 3132 1154 3215; baseline 0.002 -18"><span class='ocrx_word' id='word_1_161' title='bbox 265 3140 335 3214; x_wconf 80' lang='lat' dir='ltr'><strong>nat,</strong></span> <span class='ocrx_word' id='word_1_162' title='bbox 358 3142 391 3199; x_wconf 85' lang='lat' dir='ltr'><strong>et</strong></span> <span class='ocrx_word' id='word_1_163' title='bbox 413 3133 447 3198; x_wconf 88' lang='lat' dir='ltr'><strong>in</strong></span> <span class='ocrx_word' id='word_1_164' title='bbox 469 3144 560 3201; x_wconf 80' lang='lat' dir='ltr'><strong>suum</strong></span> <span class='ocrx_word' id='word_1_165' title='bbox 583 3132 680 3198; x_wconf 85' lang='lat' dir='ltr'><strong>finam</strong></span> <span class='ocrx_word' id='word_1_166' title='bbox 703 3133 816 3215; x_wconf 83' lang='lat' dir='ltr'><strong>dirigit</strong></span> <span class='ocrx_word' id='word_1_167' title='bbox 838 3132 976 3215; x_wconf 82' lang='lat' dir='ltr'><strong>singula.</strong></span> <span class='ocrx_word' id='word_1_168' title='bbox 1022 3134 1154 3199; x_wconf 77' lang='lat' dir='ltr'><strong>Clamor</strong></span> 
     </span>
     <span class='ocr_line' id='line_1_26' title="bbox 264 3236 1151 3321; baseline 0.001 -21"><span class='ocrx_word' id='word_1_169' title='bbox 264 3236 329 3301; x_wconf 86' lang='lat' dir='ltr'><strong>iste</strong></span> <span class='ocrx_word' id='word_1_170' title='bbox 352 3238 452 3304; x_wconf 80' lang='lat' dir='ltr'><strong>totius</strong></span> <span class='ocrx_word' id='word_1_171' title='bbox 475 3244 645 3304; x_wconf 78' lang='lat' dir='ltr'><strong>creaturae</strong></span> <span class='ocrx_word' id='word_1_172' title='bbox 668 3244 737 3302; x_wconf 88' lang='lat' dir='ltr'><strong>toto</strong></span> <span class='ocrx_word' id='word_1_173' title='bbox 761 3238 842 3302; x_wconf 82' lang='lat' dir='ltr'><strong>orbs</strong></span> <span class='ocrx_word' id='word_1_174' title='bbox 866 3244 1023 3321; x_wconf 84' lang='lat' dir='ltr'><strong>personat</strong></span> <span class='ocrx_word' id='word_1_175' title='bbox 1037 3244 1072 3302; x_wconf 94' lang='lat' dir='ltr'><strong>ut</strong></span> <span class='ocrx_word' id='word_1_176' title='bbox 1094 3257 1151 3301; x_wconf 84' lang='lat' dir='ltr'><strong>ue·</strong></span> 
     </span>
     <span class='ocr_line' id='line_1_27' title="bbox 265 3340 1257 3426; baseline 0.001 -21"><span class='ocrx_word' id='word_1_177' title='bbox 265 3340 382 3416; x_wconf 80' lang='lat' dir='ltr'><strong>minam</strong></span> <span class='ocrx_word' id='word_1_178' title='bbox 402 3341 505 3407; x_wconf 82' lang='lat' dir='ltr'><strong>latera</strong></span> <span class='ocrx_word' id='word_1_179' title='bbox 527 3348 642 3425; x_wconf 83' lang='lat' dir='ltr'><strong>queat,</strong></span> <span class='ocrx_word' id='word_1_180' title='bbox 677 3343 740 3406; x_wconf 90' lang='lat' dir='ltr'><strong>uisi</strong></span> <span class='ocrx_word' id='word_1_181' title='bbox 775 3342 831 3426; x_wconf 84' lang='lat' dir='ltr'><strong>&#39;qui</strong></span> <span class='ocrx_word' id='word_1_182' title='bbox 854 3342 1024 3406; x_wconf 86' lang='lat' dir='ltr'><strong>daemonio</strong></span> <span class='ocrx_word' id='word_1_183' title='bbox 1048 3343 1172 3407; x_wconf 84' lang='lat' dir='ltr'><strong>surdo·</strong></span> <span class='ocrx_word' id='word_1_184' title='bbox 1252 3344 1257 3350; x_wconf 85' lang='lat'>&#39;</span> 
     </span>
     <span class='ocr_line' id='line_1_28' title="bbox 265 3447 585 3535; baseline -0.003 -23"><span class='ocrx_word' id='word_1_185' title='bbox 265 3447 424 3512; x_wconf 80' lang='lat' dir='ltr'><strong>obsessus</strong></span> <span class='ocrx_word' id='word_1_186' title='bbox 448 3453 585 3535; x_wconf 80' lang='lat' dir='ltr'><strong>iuuatur.</strong></span> 
     </span>
    </p>
   </div>
   <div class='ocr_carea' id='block_1_3' title="bbox 0 0 1414 4317">
    <p class='ocr_par' dir='ltr' id='par_1_3' title="bbox 0 0 1414 4317">
     <span class='ocr_line' id='line_1_29' title="bbox 0 0 1414 4317; baseline 0 0"><span class='ocrx_word' id='word_1_187' title='bbox 0 0 1414 4317; x_wconf 95' lang='lat' dir='ltr'><strong> </strong></span> 
     </span>
    </p>
   </div>
  </div>
 </body>
</html>
