2817 4317
270 545 333 613 182

270 738 422 802 rietatem
460 737 491 799 in
528 740 628 801 rebus
663 738 916 821 temporalibus,
951 732 1066 823 negoti

270 842 365 925 hujus
390 840 475 906 vitae
504 841 645 925 respuit,
677 850 711 906 et
745 842 882 907 damnat.
928 844 1026 909 Haeo
1057 862 1066 907 t

269 966 341 1010 mea
374 945 526 1031 disponat
557 953 590 1013 et
621 954 715 1029 regat
746 947 904 1029 usquein
928 946 1049 1030 finem,

269 1051 366 1115 saluti
400 1072 491 1115 meae
524 1059 555 1114 et
587 1051 713 1133 gloriae
746 1073 824 1116 suae
861 1052 1028 1135 expedire
1062 1075 1066 1117 1

267 1156 338 1219 sive
362 1176 421 1239 per
444 1172 617 1238 prospera,
646 1155 718 1219 sive
752 1177 813 1240 per
836 1157 990 1238 adversa,
1018 1179 1062 1241 pe

265 1279 377 1323 norem
403 1258 455 1321 vel
475 1259 693 1340 ignominiam,
728 1280 787 1342 per
823 1260 987 1324 infamiam
1014 1262 1066 1325 vei

269 1364 353 1445 dem,
375 1383 436 1445 per
458 1361 685 1425 abundantiam
707 1364 762 1426 vel
785 1364 942 1446 inopiam,
974 1385 1042 1447 per

265 1470 324 1533 bos
349 1467 400 1531 vel
419 1468 598 1546 sanitatem,
621 1468 796 1548 pervitam
820 1468 872 1531 vel
896 1475 1059 1533 mortem:

268 1570 411 1653 excipio,
428 1571 507 1634 nibil
522 1572 658 1652 refugio.
696 1570 768 1635 Huo
783 1572 908 1635 unicum
933 1581 966 1633 et
989 1574 1063 1637 anti

268 1682 378 1739 votum
394 1693 505 1739 meum.
530 1674 607 1740 'Fac
622 1695 747 1740 meeum
763 1676 847 1740 siout
865 1677 932 1740 seis
949 1679 1066 1758 profui

195 1799 196 1803 ¹
268 1778 362 1843 saluti
385 1798 476 1843 meae
496 1785 528 1842 et
553 1779 678 1861 gloriae
701 1791 787 1862 tuae,
808 1792 841 1843 ut
857 1787 888 1843 te
903 1779 934 1844 in
956 1800 1066 1847 omnen

268 1884 449 1948 tenuitatem
471 1884 669 1968 contempler
692 1892 726 1947 et
744 1884 893 1964 admirer,
917 1905 1028 1951 amem
1046 1910 1064 1952 e

266 2006 397 2068 uorem,
434 1989 570 2070 laudem,
608 1988 797 2054 benedicam
835 1995 868 2050 et
903 1987 1065 2070 glorifice,

268 2092 413 2157 omnibus
437 2099 469 2155 et
492 2112 590 2175 supra
615 2093 730 2156 omnia.
776 2091 889 2156 Amen.

555 2266 810 2329 CONSIDERATIO
833 2267 864 2326 V.

423 2388 470 2452 De
489 2388 564 2467 Deo,
587 2394 620 2452 ut
643 2393 689 2451 est
710 2386 858 2469 fortitudo
880 2395 1005 2456 nostru.

308 2509 432 2575 dieitur
453 2510 601 2593 fortitudo
632 2515 756 2588 nostro,
779 2511 808 2574 1.
840 2510 914 2591 quia
950 2511 1065 2593 ipsius

265 2637 307 2681 ex
330 2622 417 2679 statu
440 2616 566 2698 peouati
590 2623 624 2679 et
647 2614 860 2679 damnationis
882 2618 1066 2699 assurgimr

265 2729 381 2787 statum
405 2722 531 2803 gratiae
554 2727 586 2784 et
609 2720 747 2784 filiorum
771 2719 841 2782 bei.

307 2826 335 2889 2.
358 2824 465 2907 Ipsius
489 2844 551 2908 ope
574 2824 731 2890 vincimus
748 2826 860 2888 hostes
884 2831 1023 2898 nostros
1047 2832 1066 2894 f·

233 2997 236 3002 ,
264 2931 361 2994 simos
385 2937 417 2993 et
430 2929 679 3010 callidissimos,
701 2939 733 2992 et
756 2946 868 2993 omnes
892 2946 1010 2995 eorum
1035 2955 1066 2998 m

262 3054 321 3099 uas
344 3033 563 3107 dissolvimus:

306 3140 335 3204 3.
358 3138 468 3221 Ipsius
500 3156 564 3221 ope
597 3141 775 3204 subeuntur
805 3137 980 3220 martyria,
1016 3144 1065 3208 eti

262 3244 442 3328 virginibus
465 3252 498 3306 et
522 3243 642 3325 pueris,
664 3250 697 3307 et
719 3242 823 3308 omnis
839 3251 1060 3324 tyrannorum

260 3348 340 3412 vitia
362 3352 545 3431 superatur,
568 3346 674 3411 omnia
698 3346 804 3411 mundi
826 3347 1053 3418 blandimenta

245 3455 451 3533 temnuntur.
