<?xml version="1.0" encoding="UTF-8"?>
<!DOCTYPE html PUBLIC "-//W3C//DTD XHTML 1.0 Transitional//EN"
    "http://www.w3.org/TR/xhtml1/DTD/xhtml1-transitional.dtd">
<html xmlns="http://www.w3.org/1999/xhtml" xml:lang="en" lang="en">
 <head>
  <title>
</title>
<meta http-equiv="Content-Type" content="text/html;charset=utf-8" />
  <meta name='ocr-system' content='tesseract 3.04.00' />
  <meta name='ocr-capabilities' content='ocr_page ocr_carea ocr_par ocr_line ocrx_word'/>
</head>
<body>
  <div class='ocr_page' id='page_1' title='image "./leonardilessiio00lessgoog_0124.png"; bbox 0 0 2817 4317; ppageno 0'>
   <div class='ocr_carea' id='block_1_1' title="bbox 1081 508 1142 573">
    <p class='ocr_par' dir='ltr' id='par_1_1' title="bbox 1081 508 1142 573">
     <span class='ocr_line' id='line_1_1' title="bbox 1081 508 1142 573; baseline 0 0"><span class='ocrx_word' id='word_1_1' title='bbox 1081 508 1142 573; x_wconf 83' lang='lat'><strong>123</strong></span> 
     </span>
    </p>
   </div>
   <div class='ocr_carea' id='block_1_2' title="bbox 261 698 1183 1928">
    <p class='ocr_par' dir='ltr' id='par_1_2' title="bbox 261 698 1183 1928">
     <span class='ocr_line' id='line_1_2' title="bbox 262 698 1143 782; baseline -0.002 -17"><span class='ocrx_word' id='word_1_2' title='bbox 262 702 349 767; x_wconf 85' lang='lat' dir='ltr'><strong>valio</strong></span> <span class='ocrx_word' id='word_1_3' title='bbox 372 701 467 767; x_wconf 84' lang='lat' dir='ltr'><strong>nobis</strong></span> <span class='ocrx_word' id='word_1_4' title='bbox 488 700 535 764; x_wconf 86' lang='lat' dir='ltr'><strong>iili</strong></span> <span class='ocrx_word' id='word_1_5' title='bbox 557 698 752 764; x_wconf 84' lang='lat' dir='ltr'><strong>antecellunt</strong></span> <span class='ocrx_word' id='word_1_6' title='bbox 776 699 916 782; x_wconf 89' lang='lat' dir='ltr'><strong>puritate</strong></span> <span class='ocrx_word' id='word_1_7' title='bbox 933 699 1143 779; x_wconf 81' lang='lat' dir='ltr'><strong>substantiae,</strong></span> 
     </span>
     <span class='ocr_line' id='line_1_3' title="bbox 262 804 1145 891; baseline 0 -21"><span class='ocrx_word' id='word_1_8' title='bbox 262 808 404 891; x_wconf 82' lang='lat' dir='ltr'><strong>ingenio,</strong></span> <span class='ocrx_word' id='word_1_9' title='bbox 426 806 560 886; x_wconf 89' lang='lat' dir='ltr'><strong>viribus,</strong></span> <span class='ocrx_word' id='word_1_10' title='bbox 584 804 840 888; x_wconf 75' lang='lat' dir='ltr'>pulchritudine,</span> <span class='ocrx_word' id='word_1_11' title='bbox 864 811 897 865; x_wconf 89' lang='lat' dir='ltr'><strong>et</strong></span> <span class='ocrx_word' id='word_1_12' title='bbox 916 805 1063 868; x_wconf 88' lang='lat' dir='ltr'><strong>omnibus</strong></span> <span class='ocrx_word' id='word_1_13' title='bbox 1087 822 1145 870; x_wconf 82' lang='lat' dir='ltr'><strong>uu·</strong></span> 
     </span>
     <span class='ocr_line' id='line_1_4' title="bbox 262 905 1147 992; baseline -0.005 -17"><span class='ocrx_word' id='word_1_14' title='bbox 262 920 355 975; x_wconf 86' lang='lat' dir='ltr'><strong>turae</strong></span> <span class='ocrx_word' id='word_1_15' title='bbox 386 908 543 976; x_wconf 69' lang='lat' dir='ltr'><strong>dotibus?</strong></span> <span class='ocrx_word' id='word_1_16' title='bbox 587 905 656 971; x_wconf 87' lang='lat' dir='ltr'><strong>Sed</strong></span> <span class='ocrx_word' id='word_1_17' title='bbox 688 908 740 971; x_wconf 90' lang='lat' dir='ltr'><strong>bis</strong></span> <span class='ocrx_word' id='word_1_18' title='bbox 771 908 919 972; x_wconf 88' lang='lat' dir='ltr'><strong>omnibns</strong></span> <span class='ocrx_word' id='word_1_19' title='bbox 942 909 1147 992; x_wconf 88' lang='lat' dir='ltr'><strong>contemptis,</strong></span> 
     </span>
     <span class='ocr_line' id='line_1_5' title="bbox 262 1011 1146 1098; baseline -0.001 -20"><span class='ocrx_word' id='word_1_20' title='bbox 262 1015 559 1098; x_wconf 82' lang='lat' dir='ltr'><strong>peccantibusnon</strong></span> <span class='ocrx_word' id='word_1_21' title='bbox 575 1012 771 1095; x_wconf 76' lang='lat' dir='ltr'><strong>pepercisti:</strong></span> <span class='ocrx_word' id='word_1_22' title='bbox 793 1011 896 1077; x_wconf 83' lang='lat' dir='ltr'><strong>nostri</strong></span> <span class='ocrx_word' id='word_1_23' title='bbox 912 1031 1003 1092; x_wconf 88' lang='lat' dir='ltr'><strong>vero,</strong></span> <span class='ocrx_word' id='word_1_24' title='bbox 1027 1014 1146 1096; x_wconf 88' lang='lat' dir='ltr'><strong>quibus</strong></span> 
     </span>
     <span class='ocr_line' id='line_1_6' title="bbox 261 1114 1148 1199; baseline -0.005 -17"><span class='ocrx_word' id='word_1_25' title='bbox 261 1119 346 1183; x_wconf 85' lang='lat' dir='ltr'><strong>viles</strong></span> <span class='ocrx_word' id='word_1_26' title='bbox 363 1118 499 1198; x_wconf 89' lang='lat' dir='ltr'><strong>animae,</strong></span> <span class='ocrx_word' id='word_1_27' title='bbox 522 1117 660 1180; x_wconf 88' lang='lat' dir='ltr'><strong>terrenis</strong></span> <span class='ocrx_word' id='word_1_28' title='bbox 676 1114 812 1198; x_wconf 76' lang='lat' dir='ltr'><strong>affixae,</strong></span> <span class='ocrx_word' id='word_1_29' title='bbox 820 1116 1009 1181; x_wconf 80' lang='lat' dir='ltr'><strong>coelestium</strong></span> <span class='ocrx_word' id='word_1_30' title='bbox 1026 1118 1148 1199; x_wconf 90' lang='lat' dir='ltr'><strong>inanes,</strong></span> 
     </span>
     <span class='ocr_line' id='line_1_7' title="bbox 267 1220 1148 1304; baseline -0.002 -18"><span class='ocrx_word' id='word_1_31' title='bbox 267 1222 411 1287; x_wconf 87' lang='lat' dir='ltr'><strong>tenebris</strong></span> <span class='ocrx_word' id='word_1_32' title='bbox 434 1222 571 1301; x_wconf 85' lang='lat' dir='ltr'><strong>obsitae,</strong></span> <span class='ocrx_word' id='word_1_33' title='bbox 596 1220 765 1304; x_wconf 84' lang='lat' dir='ltr'><strong>multipiici</strong></span> <span class='ocrx_word' id='word_1_34' title='bbox 799 1220 964 1303; x_wconf 74' lang='lat' dir='ltr'><strong>pravitate</strong></span> <span class='ocrx_word' id='word_1_35' title='bbox 996 1221 1148 1302; x_wconf 81' lang='lat' dir='ltr'><strong>imbutae,</strong></span> 
     </span>
     <span class='ocr_line' id='line_1_8' title="bbox 266 1324 1150 1415; baseline -0.003 -25"><span class='ocrx_word' id='word_1_36' title='bbox 266 1327 421 1415; x_wconf 86' lang='lat' dir='ltr'><strong>misertus</strong></span> <span class='ocrx_word' id='word_1_37' title='bbox 445 1345 499 1403; x_wconf 84' lang='lat' dir='ltr'><strong>es,</strong></span> <span class='ocrx_word' id='word_1_38' title='bbox 522 1330 554 1388; x_wconf 90' lang='lat' dir='ltr'><strong>et</strong></span> <span class='ocrx_word' id='word_1_39' title='bbox 569 1331 701 1388; x_wconf 89' lang='lat' dir='ltr'><strong>ruentes</strong></span> <span class='ocrx_word' id='word_1_40' title='bbox 718 1325 749 1387; x_wconf 93' lang='lat' dir='ltr'><strong>iu</strong></span> <span class='ocrx_word' id='word_1_41' title='bbox 766 1324 941 1406; x_wconf 90' lang='lat' dir='ltr'><strong>perniciem</strong></span> <span class='ocrx_word' id='word_1_42' title='bbox 965 1325 1150 1407; x_wconf 88' lang='lat' dir='ltr'><strong>apprehen·</strong></span> 
     </span>
     <span class='ocr_line' id='line_1_9' title="bbox 265 1420 1183 1513; baseline -0.002 -17"><span class='ocrx_word' id='word_1_43' title='bbox 265 1431 354 1513; x_wconf 90' lang='lat' dir='ltr'><strong>disti,</strong></span> <span class='ocrx_word' id='word_1_44' title='bbox 377 1428 551 1506; x_wconf 76' lang='lat' dir='ltr'><strong>revocasti,</strong></span> <span class='ocrx_word' id='word_1_45' title='bbox 575 1436 607 1493; x_wconf 93' lang='lat' dir='ltr'><strong>et</strong></span> <span class='ocrx_word' id='word_1_46' title='bbox 634 1428 676 1492; x_wconf 93' lang='lat' dir='ltr'><strong>ad</strong></span> <span class='ocrx_word' id='word_1_47' title='bbox 692 1431 847 1493; x_wconf 87' lang='lat' dir='ltr'><strong>bonorum</strong></span> <span class='ocrx_word' id='word_1_48' title='bbox 872 1420 995 1493; x_wconf 84' lang='lat' dir='ltr'><strong>tuorum</strong></span> <span class='ocrx_word' id='word_1_49' title='bbox 1017 1447 1153 1494; x_wconf 90' lang='lat' dir='ltr'><strong>consor·</strong></span> <span class='ocrx_word' id='word_1_50' title='bbox 1181 1502 1183 1504; x_wconf 66' lang='lat'>‚</span> 
     </span>
     <span class='ocr_line' id='line_1_10' title="bbox 261 1531 1149 1601; baseline -0.005 0"><span class='ocrx_word' id='word_1_51' title='bbox 261 1538 340 1601; x_wconf 87' lang='lat' dir='ltr'><strong>tium</strong></span> <span class='ocrx_word' id='word_1_52' title='bbox 367 1532 542 1600; x_wconf 76' lang='lat' dir='ltr'><strong>adduxisti.</strong></span> <span class='ocrx_word' id='word_1_53' title='bbox 568 1531 661 1598; x_wconf 86' lang='lat' dir='ltr'><strong>Hanc</strong></span> <span class='ocrx_word' id='word_1_54' title='bbox 683 1533 810 1597; x_wconf 89' lang='lat' dir='ltr'><strong>unicam</strong></span> <span class='ocrx_word' id='word_1_55' title='bbox 826 1534 867 1596; x_wconf 95' lang='lat' dir='ltr'><strong>ob</strong></span> <span class='ocrx_word' id='word_1_56' title='bbox 883 1550 1014 1597; x_wconf 89' lang='lat' dir='ltr'><strong>causam</strong></span> <span class='ocrx_word' id='word_1_57' title='bbox 1032 1533 1149 1598; x_wconf 80' lang='lat' dir='ltr'><strong>Filium</strong></span> 
     </span>
     <span class='ocr_line' id='line_1_11' title="bbox 262 1638 1151 1724; baseline -0.002 -19"><span class='ocrx_word' id='word_1_58' title='bbox 262 1648 362 1705; x_wconf 54' lang='lat' dir='ltr'><strong>turim*</strong></span> <span class='ocrx_word' id='word_1_59' title='bbox 377 1657 506 1704; x_wconf 87' lang='lat' dir='ltr'><strong>carnem</strong></span> <span class='ocrx_word' id='word_1_60' title='bbox 532 1656 676 1715; x_wconf 89' lang='lat' dir='ltr'><strong>sumere,</strong></span> <span class='ocrx_word' id='word_1_61' title='bbox 709 1645 743 1701; x_wconf 91' lang='lat' dir='ltr'><strong>et</strong></span> <span class='ocrx_word' id='word_1_62' title='bbox 765 1655 893 1702; x_wconf 83' lang='lat' dir='ltr'><strong>crucem</strong></span> <span class='ocrx_word' id='word_1_63' title='bbox 916 1639 1027 1724; x_wconf 90' lang='lat' dir='ltr'><strong>subire</strong></span> <span class='ocrx_word' id='word_1_64' title='bbox 1056 1638 1151 1703; x_wconf 89' lang='lat' dir='ltr'><strong>voiu-</strong></span> 
     </span>
     <span class='ocr_line' id='line_1_12' title="bbox 262 1741 1151 1824; baseline -0.001 -17"><span class='ocrx_word' id='word_1_65' title='bbox 262 1745 337 1824; x_wconf 82' lang='lat' dir='ltr'><strong>isti3</strong></span> <span class='ocrx_word' id='word_1_66' title='bbox 370 1745 412 1807; x_wconf 91' lang='lat' dir='ltr'><strong>ob</strong></span> <span class='ocrx_word' id='word_1_67' title='bbox 447 1741 531 1807; x_wconf 90' lang='lat' dir='ltr'><strong>hauc</strong></span> <span class='ocrx_word' id='word_1_68' title='bbox 563 1759 695 1805; x_wconf 89' lang='lat' dir='ltr'><strong>causam</strong></span> <span class='ocrx_word' id='word_1_69' title='bbox 717 1741 789 1824; x_wconf 89' lang='lat' dir='ltr'><strong>ipse</strong></span> <span class='ocrx_word' id='word_1_70' title='bbox 818 1743 921 1806; x_wconf 80' lang='lat' dir='ltr'><strong>irater</strong></span> <span class='ocrx_word' id='word_1_71' title='bbox 945 1751 1058 1808; x_wconf 87' lang='lat' dir='ltr'><strong>noster</strong></span> <span class='ocrx_word' id='word_1_72' title='bbox 1081 1741 1151 1807; x_wconf 89' lang='lat' dir='ltr'><strong>fieri</strong></span> 
     </span>
     <span class='ocr_line' id='line_1_13' title="bbox 263 1846 1150 1928; baseline 0.001 -17"><span class='ocrx_word' id='word_1_73' title='bbox 263 1847 384 1926; x_wconf 83' lang='lat' dir='ltr'><strong>voluit,</strong></span> <span class='ocrx_word' id='word_1_74' title='bbox 418 1854 452 1910; x_wconf 91' lang='lat' dir='ltr'><strong>et</strong></span> <span class='ocrx_word' id='word_1_75' title='bbox 484 1846 651 1911; x_wconf 90' lang='lat' dir='ltr'><strong>nobiscum</strong></span> <span class='ocrx_word' id='word_1_76' title='bbox 684 1846 792 1911; x_wconf 88' lang='lat' dir='ltr'><strong>carnis</strong></span> <span class='ocrx_word' id='word_1_77' title='bbox 823 1855 856 1911; x_wconf 91' lang='lat' dir='ltr'><strong>et</strong></span> <span class='ocrx_word' id='word_1_78' title='bbox 885 1847 1053 1928; x_wconf 81' lang='lat' dir='ltr'><strong>sanguinis</strong></span> <span class='ocrx_word' id='word_1_79' title='bbox 1075 1867 1150 1912; x_wconf 85' lang='lat' dir='ltr'><strong>esse</strong></span> 
     </span>
    </p>
   </div>
   <div class='ocr_carea' id='block_1_3' title="bbox 266 1949 1151 2143">
    <p class='ocr_par' dir='ltr' id='par_1_3' title="bbox 266 1949 1151 2143">
     <span class='ocr_line' id='line_1_14' title="bbox 266 1949 1151 2034; baseline 0.006 -22"><span class='ocrx_word' id='word_1_80' title='bbox 266 1949 441 2033; x_wconf 86' lang='lat' dir='ltr'><strong>particeps,</strong></span> <span class='ocrx_word' id='word_1_81' title='bbox 462 1958 497 2015; x_wconf 85' lang='lat' dir='ltr'><strong>ct</strong></span> <span class='ocrx_word' id='word_1_82' title='bbox 519 1968 581 2034; x_wconf 89' lang='lat' dir='ltr'><strong>par</strong></span> <span class='ocrx_word' id='word_1_83' title='bbox 603 1949 711 2014; x_wconf 90' lang='lat' dir='ltr'><strong>omnia</strong></span> <span class='ocrx_word' id='word_1_84' title='bbox 733 1950 828 2015; x_wconf 90' lang='lat' dir='ltr'><strong>nobis</strong></span> <span class='ocrx_word' id='word_1_85' title='bbox 851 1950 1040 2031; x_wconf 83' lang='lat' dir='ltr'><strong>assimilari,</strong></span> <span class='ocrx_word' id='word_1_86' title='bbox 1071 1970 1151 2034; x_wconf 88' lang='lat' dir='ltr'><strong>pec·</strong></span> 
     </span>
     <span class='ocr_line' id='line_1_15' title="bbox 266 2052 1150 2143; baseline 0.005 -26"><span class='ocrx_word' id='word_1_87' title='bbox 266 2062 342 2143; x_wconf 80' lang='lat' dir='ltr'><strong>cato</strong></span> <span class='ocrx_word' id='word_1_88' title='bbox 363 2060 513 2137; x_wconf 87' lang='lat' dir='ltr'><strong>excepto.</strong></span> <span class='ocrx_word' id='word_1_89' title='bbox 558 2052 600 2119; x_wconf 93' lang='lat' dir='ltr'><strong>Ut</strong></span> <span class='ocrx_word' id='word_1_90' title='bbox 621 2054 704 2117; x_wconf 88' lang='lat' dir='ltr'><strong>enim</strong></span> <span class='ocrx_word' id='word_1_91' title='bbox 728 2071 789 2118; x_wconf 88' lang='lat' dir='ltr'><strong>nos</strong></span> <span class='ocrx_word' id='word_1_92' title='bbox 805 2055 1041 2137; x_wconf 77' lang='lat' dir='ltr'><strong>reconciliaret,</strong></span> <span class='ocrx_word' id='word_1_93' title='bbox 1062 2056 1150 2121; x_wconf 91' lang='lat' dir='ltr'><strong>Pon-</strong></span> 
     </span>
    </p>
   </div>
   <div class='ocr_carea' id='block_1_4' title="bbox 264 2156 1153 3487">
    <p class='ocr_par' dir='ltr' id='par_1_4' title="bbox 264 2156 1153 3487">
     <span class='ocr_line' id='line_1_16' title="bbox 264 2156 1151 2241; baseline 0.006 -20"><span class='ocrx_word' id='word_1_94' title='bbox 264 2157 346 2222; x_wconf 77' lang='lat' dir='ltr'><strong>tifex</strong></span> <span class='ocrx_word' id='word_1_95' title='bbox 376 2163 490 2221; x_wconf 87' lang='lat' dir='ltr'><strong>noster</strong></span> <span class='ocrx_word' id='word_1_96' title='bbox 523 2156 591 2220; x_wconf 87' lang='lat' dir='ltr'><strong>fieri</strong></span> <span class='ocrx_word' id='word_1_97' title='bbox 630 2156 758 2236; x_wconf 87' lang='lat' dir='ltr'><strong>debuit,</strong></span> <span class='ocrx_word' id='word_1_98' title='bbox 792 2156 888 2241; x_wconf 88' lang='lat' dir='ltr'><strong>cujus</strong></span> <span class='ocrx_word' id='word_1_99' title='bbox 925 2157 1067 2225; x_wconf 77' lang='lat' dir='ltr'><strong>efficium</strong></span> <span class='ocrx_word' id='word_1_100' title='bbox 1098 2171 1151 2226; x_wconf 90' lang='lat' dir='ltr'><strong>est</strong></span> 
     </span>
     <span class='ocr_line' id='line_1_17' title="bbox 266 2260 1151 2345; baseline 0.003 -18"><span class='ocrx_word' id='word_1_101' title='bbox 266 2263 389 2327; x_wconf 79' lang='lat' dir='ltr'><strong>offerre</strong></span> <span class='ocrx_word' id='word_1_102' title='bbox 423 2260 548 2325; x_wconf 88' lang='lat' dir='ltr'><strong>hostias</strong></span> <span class='ocrx_word' id='word_1_103' title='bbox 580 2270 613 2323; x_wconf 91' lang='lat' dir='ltr'><strong>et</strong></span> <span class='ocrx_word' id='word_1_104' title='bbox 645 2260 808 2326; x_wconf 88' lang='lat' dir='ltr'><strong>sacrificia</strong></span> <span class='ocrx_word' id='word_1_105' title='bbox 842 2279 903 2345; x_wconf 93' lang='lat' dir='ltr'><strong>pro</strong></span> <span class='ocrx_word' id='word_1_106' title='bbox 926 2272 1084 2345; x_wconf 88' lang='lat' dir='ltr'><strong>peccato:</strong></span> <span class='ocrx_word' id='word_1_107' title='bbox 1116 2273 1151 2330; x_wconf 90' lang='lat' dir='ltr'><strong>ut</strong></span> 
     </span>
     <span class='ocr_line' id='line_1_18' title="bbox 265 2362 1150 2446; baseline 0.005 -17"><span class='ocrx_word' id='word_1_108' title='bbox 265 2373 373 2431; x_wconf 86' lang='lat' dir='ltr'><strong>autem</strong></span> <span class='ocrx_word' id='word_1_109' title='bbox 395 2364 547 2430; x_wconf 83' lang='lat' dir='ltr'><strong>Pontifex</strong></span> <span class='ocrx_word' id='word_1_110' title='bbox 572 2362 683 2446; x_wconf 88' lang='lat' dir='ltr'><strong>fieret,</strong></span> <span class='ocrx_word' id='word_1_111' title='bbox 711 2372 847 2430; x_wconf 90' lang='lat' dir='ltr'><strong>naturae</strong></span> <span class='ocrx_word' id='word_1_112' title='bbox 878 2373 1012 2431; x_wconf 88' lang='lat' dir='ltr'><strong>nostrae</strong></span> <span class='ocrx_word' id='word_1_113' title='bbox 1041 2367 1150 2445; x_wconf 88' lang='lat' dir='ltr'><strong>debuit</strong></span> 
     </span>
     <span class='ocr_line' id='line_1_19' title="bbox 268 2468 1149 2554; baseline 0.007 -20"><span class='ocrx_word' id='word_1_114' title='bbox 268 2488 345 2535; x_wconf 79' lang='lat' dir='ltr'><strong>esse</strong></span> <span class='ocrx_word' id='word_1_115' title='bbox 366 2470 542 2552; x_wconf 85' lang='lat' dir='ltr'><strong>particeps.</strong></span> <span class='ocrx_word' id='word_1_116' title='bbox 588 2468 697 2534; x_wconf 82' lang='lat' dir='ltr'><strong>Omnis</strong></span> <span class='ocrx_word' id='word_1_117' title='bbox 718 2475 800 2535; x_wconf 77' lang='lat' dir='ltr'><strong>enini</strong></span> <span class='ocrx_word' id='word_1_118' title='bbox 825 2470 968 2554; x_wconf 71' lang='lat' dir='ltr'><strong>Pontifex</strong></span> <span class='ocrx_word' id='word_1_119' title='bbox 990 2473 1149 2542; x_wconf 67' lang='lat' dir='ltr'><strong>cadomi-</strong></span> 
     </span>
     <span class='ocr_line' id='line_1_20' title="bbox 271 2571 1152 2654; baseline 0.006 -16"><span class='ocrx_word' id='word_1_120' title='bbox 271 2573 357 2639; x_wconf 78' lang='lat' dir='ltr'><strong>tibus</strong></span> <span class='ocrx_word' id='word_1_121' title='bbox 383 2578 577 2654; x_wconf 72' lang='lat' dir='ltr'><strong>assumptus,</strong></span> <span class='ocrx_word' id='word_1_122' title='bbox 603 2590 661 2653; x_wconf 85' lang='lat' dir='ltr'><strong>pro</strong></span> <span class='ocrx_word' id='word_1_123' title='bbox 687 2571 861 2638; x_wconf 81' lang='lat' dir='ltr'><strong>bominibus</strong></span> <span class='ocrx_word' id='word_1_124' title='bbox 891 2580 1086 2642; x_wconf 68' lang='lat' dir='ltr'><strong>consumitur</strong></span> <span class='ocrx_word' id='word_1_125' title='bbox 1118 2582 1152 2643; x_wconf 83' lang='lat' dir='ltr'><strong>in</strong></span> 
     </span>
     <span class='ocr_line' id='line_1_21' title="bbox 278 2667 1151 2763; baseline 0.001 -20"><span class='ocrx_word' id='word_1_126' title='bbox 278 2680 307 2743; x_wconf 84' lang='lat' dir='ltr'><strong>ia</strong></span> <span class='ocrx_word' id='word_1_127' title='bbox 329 2695 411 2760; x_wconf 80' lang='lat' dir='ltr'><strong>ponc</strong></span> <span class='ocrx_word' id='word_1_128' title='bbox 425 2667 507 2742; x_wconf 39' lang='lat' dir='ltr'><strong>*sunt</strong></span> <span class='ocrx_word' id='word_1_129' title='bbox 529 2678 571 2742; x_wconf 89' lang='lat' dir='ltr'><strong>cd</strong></span> <span class='ocrx_word' id='word_1_130' title='bbox 592 2676 710 2757; x_wconf 79' lang='lat' dir='ltr'><strong>Deum3</strong></span> <span class='ocrx_word' id='word_1_131' title='bbox 733 2676 877 2741; x_wconf 84' lang='lat' dir='ltr'><strong>nimirum</strong></span> <span class='ocrx_word' id='word_1_132' title='bbox 900 2685 935 2742; x_wconf 87' lang='lat' dir='ltr'><strong>ut</strong></span> <span class='ocrx_word' id='word_1_133' title='bbox 957 2680 1024 2744; x_wconf 89' lang='lat' dir='ltr'><strong>suis</strong></span> <span class='ocrx_word' id='word_1_134' title='bbox 1043 2682 1151 2763; x_wconf 87' lang='lat' dir='ltr'><strong>preci·</strong></span> 
     </span>
     <span class='ocr_line' id='line_1_22' title="bbox 288 2773 1150 2864; baseline 0.005 -18"><span class='ocrx_word' id='word_1_135' title='bbox 288 2801 326 2846; x_wconf 89' lang='lat' dir='ltr'><strong>us</strong></span> <span class='ocrx_word' id='word_1_136' title='bbox 343 2790 377 2845; x_wconf 85' lang='lat' dir='ltr'><strong>st</strong></span> <span class='ocrx_word' id='word_1_137' title='bbox 392 2781 562 2846; x_wconf 84' lang='lat' dir='ltr'><strong>sacrificiis</strong></span> <span class='ocrx_word' id='word_1_138' title='bbox 578 2798 637 2845; x_wconf 89' lang='lat' dir='ltr'><strong>eos</strong></span> <span class='ocrx_word' id='word_1_139' title='bbox 651 2781 720 2845; x_wconf 91' lang='lat' dir='ltr'><strong>Deo</strong></span> <span class='ocrx_word' id='word_1_140' title='bbox 738 2773 936 2864; x_wconf 90' lang='lat' dir='ltr'><strong>reconciliet,</strong></span> <span class='ocrx_word' id='word_1_141' title='bbox 960 2791 993 2846; x_wconf 93' lang='lat' dir='ltr'><strong>et</strong></span> <span class='ocrx_word' id='word_1_142' title='bbox 1009 2782 1150 2850; x_wconf 88' lang='lat' dir='ltr'><strong>divinam</strong></span> 
     </span>
     <span class='ocr_line' id='line_1_23' title="bbox 291 2886 735 2952; baseline -0.009 -1"><span class='ocrx_word' id='word_1_143' title='bbox 291 2887 469 2952; x_wconf 88' lang='lat' dir='ltr'><strong>oluntatem</strong></span> <span class='ocrx_word' id='word_1_144' title='bbox 493 2886 542 2950; x_wconf 88' lang='lat' dir='ltr'><strong>eis</strong></span> <span class='ocrx_word' id='word_1_145' title='bbox 565 2887 735 2949; x_wconf 91' lang='lat' dir='ltr'><strong>renuntiet.</strong></span> 
     </span>
     <span class='ocr_line' id='line_1_24' title="bbox 311 2989 1151 3076; baseline 0.002 -21"><span class='ocrx_word' id='word_1_146' title='bbox 311 2990 444 3055; x_wconf 88' lang='lat' dir='ltr'><strong>Gratias</strong></span> <span class='ocrx_word' id='word_1_147' title='bbox 467 2990 543 3067; x_wconf 89' lang='lat' dir='ltr'><strong>tibi,</strong></span> <span class='ocrx_word' id='word_1_148' title='bbox 574 3009 689 3072; x_wconf 82' lang='lat' dir='ltr'><strong>magne</strong></span> <span class='ocrx_word' id='word_1_149' title='bbox 713 2989 812 3067; x_wconf 88' lang='lat' dir='ltr'><strong>Jesu,</strong></span> <span class='ocrx_word' id='word_1_150' title='bbox 836 2989 1002 3055; x_wconf 86' lang='lat' dir='ltr'><strong>Sacerdos</strong></span> <span class='ocrx_word' id='word_1_151' title='bbox 1025 3012 1151 3076; x_wconf 85' lang='lat' dir='ltr'><strong>magne,</strong></span> 
     </span>
     <span class='ocr_line' id='line_1_25' title="bbox 304 3093 1152 3176; baseline 0.006 -19"><span class='ocrx_word' id='word_1_152' title='bbox 304 3094 427 3176; x_wconf 82' lang='lat' dir='ltr'><strong>inceps</strong></span> <span class='ocrx_word' id='word_1_153' title='bbox 451 3111 627 3175; x_wconf 88' lang='lat' dir='ltr'><strong>sacrorum,</strong></span> <span class='ocrx_word' id='word_1_154' title='bbox 652 3094 737 3175; x_wconf 91' lang='lat' dir='ltr'><strong>quod</strong></span> <span class='ocrx_word' id='word_1_155' title='bbox 755 3093 921 3158; x_wconf 90' lang='lat' dir='ltr'><strong>sordidam</strong></span> <span class='ocrx_word' id='word_1_156' title='bbox 945 3098 1052 3159; x_wconf 86' lang='lat' dir='ltr'><strong>carnis</strong></span> <span class='ocrx_word' id='word_1_157' title='bbox 1075 3116 1152 3162; x_wconf 89' lang='lat' dir='ltr'><strong>nos·</strong></span> 
     </span>
     <span class='ocr_line' id='line_1_26' title="bbox 311 3197 1152 3280; baseline 0.005 -19"><span class='ocrx_word' id='word_1_158' title='bbox 311 3204 507 3277; x_wconf 81' lang='lat' dir='ltr'><strong>tevestem,</strong></span> <span class='ocrx_word' id='word_1_159' title='bbox 541 3197 573 3259; x_wconf 94' lang='lat' dir='ltr'><strong>in</strong></span> <span class='ocrx_word' id='word_1_160' title='bbox 603 3216 664 3280; x_wconf 87' lang='lat' dir='ltr'><strong>qna</strong></span> <span class='ocrx_word' id='word_1_161' title='bbox 694 3197 807 3260; x_wconf 90' lang='lat' dir='ltr'><strong>dorurn</strong></span> <span class='ocrx_word' id='word_1_162' title='bbox 840 3198 917 3261; x_wconf 87' lang='lat' dir='ltr'><strong>iliud</strong></span> <span class='ocrx_word' id='word_1_163' title='bbox 941 3197 1152 3265; x_wconf 88' lang='lat' dir='ltr'><strong>Pontificatus</strong></span> 
     </span>
     <span class='ocr_line' id='line_1_27' title="bbox 320 3299 1153 3389; baseline 0.006 -24"><span class='ocrx_word' id='word_1_164' title='bbox 320 3322 393 3383; x_wconf 90' lang='lat' dir='ltr'><strong>nus,</strong></span> <span class='ocrx_word' id='word_1_165' title='bbox 408 3299 635 3366; x_wconf 76' lang='lat' dir='ltr'><strong>,sacrificando</strong></span> <span class='ocrx_word' id='word_1_166' title='bbox 660 3318 780 3381; x_wconf 89' lang='lat' dir='ltr'><strong>corpus</strong></span> <span class='ocrx_word' id='word_1_167' title='bbox 803 3309 836 3362; x_wconf 89' lang='lat' dir='ltr'><strong>et</strong></span> <span class='ocrx_word' id='word_1_168' title='bbox 850 3302 1038 3383; x_wconf 83' lang='lat' dir='ltr'><strong>sauguinem</strong></span> <span class='ocrx_word' id='word_1_169' title='bbox 1056 3311 1153 3389; x_wconf 89' lang='lat' dir='ltr'><strong>tuum,</strong></span> 
     </span>
     <span class='ocr_line' id='line_1_28' title="bbox 324 3403 1153 3487; baseline 0.002 -16"><span class='ocrx_word' id='word_1_170' title='bbox 324 3425 378 3471; x_wconf 87' lang='lat' dir='ltr'><strong>ura</strong></span> <span class='ocrx_word' id='word_1_171' title='bbox 402 3406 510 3470; x_wconf 90' lang='lat' dir='ltr'><strong>crucis</strong></span> <span class='ocrx_word' id='word_1_172' title='bbox 531 3405 650 3485; x_wconf 88' lang='lat' dir='ltr'><strong>obires,</strong></span> <span class='ocrx_word' id='word_1_173' title='bbox 673 3403 808 3468; x_wconf 92' lang='lat' dir='ltr'><strong>induere</strong></span> <span class='ocrx_word' id='word_1_174' title='bbox 827 3405 872 3468; x_wconf 88' lang='lat' dir='ltr'><strong>sis</strong></span> <span class='ocrx_word' id='word_1_175' title='bbox 888 3403 1058 3487; x_wconf 80' lang='lat' dir='ltr'><strong>dignatus:</strong></span> <span class='ocrx_word' id='word_1_176' title='bbox 1080 3427 1153 3473; x_wconf 87' lang='lat' dir='ltr'><strong>sor-</strong></span> 
     </span>
    </p>
   </div>
   <div class='ocr_carea' id='block_1_5' title="bbox 897 3509 944 3574">
    <p class='ocr_par' dir='ltr' id='par_1_5' title="bbox 897 3509 944 3574">
     <span class='ocr_line' id='line_1_29' title="bbox 897 3509 944 3574; baseline 0 -29"><span class='ocrx_word' id='word_1_177' title='bbox 897 3509 944 3574; x_wconf 68' lang='lat' dir='ltr'><strong>fiii</strong></span> 
     </span>
    </p>
   </div>
   <div class='ocr_carea' id='block_1_6' title="bbox 0 0 1420 4317">
    <p class='ocr_par' dir='ltr' id='par_1_6' title="bbox 0 0 1420 4317">
     <span class='ocr_line' id='line_1_30' title="bbox 0 0 1420 4317; baseline 0 0"><span class='ocrx_word' id='word_1_178' title='bbox 0 0 1420 4317; x_wconf 95' lang='lat' dir='ltr'><strong> </strong></span> 
     </span>
    </p>
   </div>
  </div>
 </body>
</html>
