2817 4317
261 568 305 637 38

265 758 507 829 immutabiliter
534 765 686 851 concepit
714 771 747 830 et
770 757 903 849 retinet3
929 766 976 831 ita
1002 771 1039 831 ut
1066 765 1148 832 nibil

263 867 341 932 noui
363 867 394 933 ei
418 870 527 953 possit
546 888 737 956 oeuurrere,
758 872 837 938 nihil
859 872 934 937 novi
958 873 1064 957 possit
1087 888 1146 940 oo·v

266 970 390 1055 gibero,
420 972 497 1039 nibil
521 976 618 1042 etienr
641 975 729 1041 velle
758 985 815 1043 aut
835 978 1028 1060 deoernere,
1041 990 1043 995 '
1057 975 1147 1061 qnod

267 1076 308 1139 ub
337 1083 472 1146 aeterno
494 1096 576 1146 *non
594 1079 759 1163 eogitarit,
797 1082 951 1163 voluerit,
984 1082 1146 1161 statuerit,

268 1178 474 1267 deereverit3
502 1183 581 1248 nibil
610 1185 797 1270 permittere
825 1185 898 1251 fieri
922 1186 959 1249 in
987 1193 1147 1270 tempore,

266 1283 330 1349 uisi
355 1288 441 1368 quod
465 1291 507 1354 nb
522 1296 656 1355 aeterno
678 1286 828 1352 statuerit
841 1287 1044 1372 permitter03
1066 1287 1147 1351 nihil

204 1394 206 1399 '
264 1388 376 1455 fauere
406 1393 438 1456 in
470 1402 634 1476 ternpore,
671 1392 734 1456 uisi
770 1391 857 1473 qnod
893 1390 1077 1455 decreverit
1113 1391 1146 1454 iu

188 1537 190 1539 ψ
263 1495 476 1561 aeternitate:
508 1515 638 1581 semper
667 1496 752 1559 enirn
782 1504 944 1560 ueternum
977 1495 1145 1560 deoretnrn

263 1598 350 1665 oiroa
373 1601 479 1665 omnia
502 1607 536 1665 et
549 1601 676 1683 singula
691 1601 801 1667 debuit
815 1600 1050 1683 praecessisse,
1073 1599 1146 1663 sine

263 1720 325 1785 qno
357 1706 388 1768 in
418 1712 566 1789 ternpore
594 1706 669 1771 nibil
699 1704 770 1769 fieri
797 1712 915 1789 potest.
957 1704 1029 1770 Non
1057 1704 1146 1786 quod

265 1808 353 1873 lleus
389 1810 541 1876 absolute
573 1829 636 1875 nou
664 1810 772 1897 possit
797 1810 908 1873 iuuere
936 1807 1016 1888 ulia,
1048 1824 1146 1889 quum

264 1930 353 1995 quae·
371 1914 449 1980 teuit
472 1924 528 1980 aut
549 1917 693 1981 fauturus
716 1922 780 1978 est:
803 1912 913 1993 absit3¹
926 1916 1036 1995 potest
1058 1912 1145 1975 enim

262 2017 336 2098 alia,
360 2027 393 2083 et
417 2019 481 2085 alia
502 2020 575 2084 sino
597 2019 679 2101 fine,
702 2019 764 2083 etsi
786 2036 822 2082 re
845 2017 916 2099 ipsa
940 2034 1003 2080 non
1027 2014 1146 2080 deoro-

261 2124 347 2187 uerit
376 2124 497 2189 iuuere.
541 2123 631 2189 Fieri
659 2132 767 2188 tumen
796 2136 860 2184 nou
889 2126 1014 2203 potest,
1041 2127 1077 2185 ut
1107 2141 1146 2187 re

263 2225 336 2308 ipsu
360 2228 483 2309 aliquid
504 2226 621 2309 faeiat,
653 2228 717 2292 uisi
745 2227 909 2290 deoretom
937 2224 1078 2289 iaoiendi
1102 2229 1146 2291 eb

262 2335 398 2393 aeterno
420 2334 646 2416 praeeesserit.
691 2332 802 2413 ltaque
825 2335 935 2413 potest
957 2329 1063 2393 omnia
1086 2332 1146 2395 ab·

262 2432 377 2511 solute,
401 2436 609 2503 oonsiderntu
630 2437 734 2520 ipsius
753 2434 896 2518 potentia
919 2440 952 2498 ot
974 2434 1147 2518 sapientia,

262 2543 296 2601 ot
309 2557 430 2604 summa
455 2541 604 2607 libertate
626 2544 667 2607 ab
689 2548 825 2604 aeterno
847 2538 1005 2621 quidlibet
1026 2537 1147 2604 deuer-

261 2641 373 2706 uendi:
412 2662 476 2708 nou
513 2654 624 2728 potest
660 2644 767 2710 omniu
816 2664 857 2707 ex
906 2644 1146 2729 suppositione,

263 2765 379 2829 nempe
402 2749 573 2834 supposito
596 2746 684 2831 quud
707 2746 873 2812 deoreturn
898 2765 961 2811 non
984 2765 1145 2831 praeees-

261 2851 353 2915 serit.
389 2850 538 2917 Postulat
559 2853 662 2937 ipsius
685 2852 933 2917 eminentissima
955 2857 1146 2944 aeternitas,

262 2960 296 3018 et
326 2946 530 3021 immutabilis
570 2955 747 3038 oolsitudo,
779 2964 816 3020 ut
848 2956 955 3021 omniu
993 2975 1076 3039 quae
1111 2972 1147 3028 et

262 3059 432 3143 possibilie
463 3068 553 3143 sunt,
584 3066 618 3124 et
638 3078 725 3143 quae
752 3057 832 3126 fiunt
860 3060 1075 3146 intempore,
1111 3074 1146 3133 et

263 3182 346 3246 qnae
371 3182 439 3228 non
464 3164 557 3241 liunt,
589 3166 621 3229 iu
649 3184 709 3231 sua
731 3163 804 3230 luue
830 3162 954 3245 infinita
977 3174 1041 3230 tam
1064 3186 1147 3252 per-¹

262 3268 346 3333 iente
368 3268 640 3350 oonsideraverit,
669 3270 873 3354 expenderit,
896 3269 1145 3360 ponderaverit,

262 3378 360 3455 utque
379 3372 415 3436 ‘si
445 3370 569 3437 inlinito
599 3379 744 3460 tempore
775 3374 817 3438 de
848 3373 984 3458 siugulis
1015 3374 1144 3447 delibe-

262 3482 425 3543 renutet
447 3475 671 3543 oonsultusset.
715 3474 808 3547 Unde
828 3478 927 3544 iaoile
948 3478 997 3543 illi
1018 3480 1079 3547 tuit
1099 3486 1145 3552 de
