2817 4317
322 556 385 621 att

319 749 445 812 formae
469 747 551 810 enim
577 747 728 812 diversae
752 755 826 812 sunt
848 746 1005 812 limitatae
1032 747 1202 814 secundun

322 861 442 918 certam
467 854 627 936 speciem,
651 851 736 918 unde
759 871 822 917 non
845 858 986 936 possunt
1009 854 1204 938 constituere

322 956 489 1034 Deitatem,
513 956 657 1019 volesne
674 955 748 1037 ipsa
762 954 885 1019 Deitas.
914 955 977 1019 Illa
994 976 1081 1023 vero
1099 960 1205 1040 forma,

323 1061 459 1143 quaein
483 1079 606 1124 summa
629 1060 836 1141 simplicitate
869 1078 998 1149 omnem
1029 1064 1205 1146 perfectio·

322 1186 394 1229 nem
418 1165 569 1244 continet,
601 1164 789 1228 necessario
821 1164 1063 1231 est‘illimitata
1088 1174 1124 1233 et
1145 1166 1206 1232 inti·

322 1270 397 1353 nita,
422 1278 455 1334 ct
477 1289 534 1334 ene
557 1290 576 1331 a
599 1287 654 1345 se3
681 1268 767 1333 unde
790 1276 841 1333 eet
863 1270 937 1353 ipsa
958 1269 1089 1337 Deitas.

669 1505 872 1563 PRECAT10.'
934 1526 936 1531 ·

431 1636 487 1700 Ad
509 1611 805 1723 simplieitatem'et
826 1611 1002 1729 paritatem
1024 1637 1108 1710 Dei.

540 1761 579 1824 llr'r
597 1768 644 1824 lib.
664 1772 691 1827 7.·
708 1748 740 1826 de
758 1759 869 1840 Perfert,
887 1753 987 1840 'capo
1018 1751 1044 1812 ⁸-
1072 1775 1084 1784 ⁶

367 1898 435 1962 Vae
459 1896 596 1977 miseris,
620 1896 674 1978 qai
697 1901 791 1964 extra
812 1902 846 1960 te
869 1914 930 1978 per
950 1898 1202 1961 rer-aminone-

323 2022 401 2074 rnm,
415 2002 608 2088 multiplices
641 1993 767 2064 classes
796 2006 828 2062 et
846 1998 1110 2095 inextricabilem
1131 2000 1203 2065 mul·

323 2106 489 2169 titudinem
508 2106 651 2190 divitias,
685 2107 870 2191 voluptates
893 2115 926 2172 et
941 2091 1101 2190 honores,
1123 2116 1203 2173 tanto

324 2213 444 2289 labore,
455 2281 458 2290 ,
469 2218 557 2276 tanta
581 2212 802 2297 solicitudine,
815 2218 927 2280 tanto-
942 2220 1102 2292 aeternae
1124 2214 1204 2282 salu·

323 2319 363 2380 tis
387 2315 532 2404 periculo
558 2320 732 2397 quaerunt!
1015 2319 1020 2326 ’

367 2419 522 2516 Poterant
554 2420 635 2485 haec
667 2422 773 2485 omnia
795 2419 838 2484 in‘
851 2426 884 2494 te
906 2381 1004 2486 multo
1021 2421 1159 2489 felitius
1179 2430 1206 2486 et

323 2523 449 2589 facilius
487 2524 630 2588 invenire
664 2533 696 2589 et
726 2525 918 2612 possidere,
935 2542 1014 2608 ¹¹non
1046 2528 1098 2591 ad.
1116 2528 1205 2613 hujus

195 2679 197 2684 .
325 2629 490 2691 dumtaxat
509 2628 593 2692 vilae
608 2631 709 2704 breve
732 2637 934 2710 momentum,
957 2637 993 2694 ut
1011 2628 1100 2714 llaec
1124 2653 1206 2699 rnuu·

327 2733 421 2811 dana,
443 2734 501 2796 sed
526 2733 710 2816 pertotam
734 2735 965 2810 aeternitatem.
1009 2731 1049 2799 ln
1073 2744 1108 2801 te
1131 2738 1206 2803 enin

327 2831 408 2903 haec
431 2840 536 2903 omnia
560 2849 633 2905 sunt
656 2840 850 2923 purissima,
871 2846 911 2904 et
942 2829 1208 2922 simuloolle'ctc,

324 2951 356 3008 et
376 2944 537 3008 immensa.
582 2944 672 3008 late
694 2950 745 3007 est
767 2942 837 3007 auri
860 2941 979 3023 decue,
1010 2962 1207 3025 gemmare·

324 3047 545 3130 pulchritudo,
584 3048 828 3112 latifundiornm
859 3046 1001 3131 fructus,
1041 3047 1207 3116 hortorun

323 3151 510 3234 amoenitas,
534 3150 726 3235 palatiorum
742 3150 990 3234 magnificantia,
1012 3137 1208 3237 oppidorum

324 3255 497 3337 opulentia,
520 3272 707 3337 regnorum·
726 3256 841 3338 gloria.
896 3245 1064 3340 Quidquid
1097 3260 1133 3324 in
1166 3260 1208 3326 lis

323 3359 471 3440 omuibus
506 3366 557 3425 est
595 3379 716 3441 suave,
746 3360 941 3444 gloriosum,
966 3360 1208 3443 -honorifiunrn,

323 3464 470 3546 amabile,
492 3463 525 3530 id
545 3453 649 3531 ‚totum
672 3465 704 3528 in
719 3464 1000 3551 teoopioeissime,
1022 3470 1209 3551 purissime,
