2817 4317
541 836 796 900 constentino
819 839 861 898 tv.

457 1011 502 1075 Dc
522 1011 599 1086 Deo,
623 1018 656 1075 ot
679 1018 726 1077 est
747 1016 947 1093 purarum.

305 1171 428 1236 Dicitur
450 1187 515 1251 pcc
538 1174 666 1233 nostro:
704 1170 729 1231 t.
754 1175 911 1248 tamquam
935 1174 1047 1230 auctor
1071 1184 1138 1230 orn-

259 1276 310 1337 nis
346 1274 434 1355 pacis
458 1280 490 1334 et
514 1270 627 1353 quietis
657 1270 847 1348 animorum,
886 1287 955 1333 cum
992 1270 1063 1353 ipse
1096 1270 1140 1333 sit

259 1386 373 1442 auctor
388 1376 488 1439 omnis
504 1375 596 1455 boui,
620 1374 707 1455 qnod
729 1375 874 1439 homines
896 1374 1139 1458 concupiscunt,

260 1490 295 1544 et
318 1498 381 1560 quo
406 1480 536 1543 obtento
560 1478 800 1559 conquiescunt.
1063 1555 1064 1558 Ἴ

303 1584 332 1648 2.
356 1582 565 1647 Peculiariter
594 1581 741 1646 Christos
775 1582 894 1647 dicitur
925 1601 991 1665 poc
1023 1589 1140 1665 nostro,

261 1686 336 1768 quia
359 1694 412 1749 ast
435 1694 548 1750 auctor
577 1706 713 1767 magnac
743 1686 828 1749 illins
864 1686 1138 1751 reconciliationis

260 1809 331 1856 cnm
356 1789 440 1867 Deo,
474 1799 507 1853 et
529 1790 636 1854 divina
663 1788 802 1873 justitia,
825 1810 843 1851 a
868 1809 931 1872 qua
953 1789 1046 1854 nobis
1080 1790 1138 1855 im·

260 1894 425 1979 pendebat
457 1905 590 1958 aeterna
620 1895 753 1977 punitio.
799 1894 902 1957 Porro
934 1894 978 1959 ita
1000 1910 1060 1957 nos
1084 1915 1137 1957 re·

259 1999 462 2078 conciliavit,
495 2010 529 2061 ut
562 2016 626 2061 non
658 1999 761 2061 solnm
787 1997 844 2060 Dei
866 1998 944 2060 iram
970 1998 1136 2076 averterit,

260 2106 321 2170 scd
354 2103 448 2167 etiarn
481 2123 522 2166 cx
553 2102 689 2166 inimicis
722 2101 808 2184 filios
832 2102 890 2167 Dei
924 2102 956 2164 in
979 2102 1140 2167 haerodes

259 2208 374 2275 iecerit
395 2208 496 2289 regni.

303 2312 334 2375 3.
361 2311 480 2375 Dicitur
514 2330 579 2393 poc
620 2316 747 2393 nostro,
780 2318 936 2392 qnatenus
975 2310 1140 2377 dissidium

263 2415 348 2497 quod
372 2423 442 2478 erat
464 2416 546 2478 inter
568 2414 714 2481 Judaeos
737 2425 770 2479 et
792 2421 907 2497 gentes
930 2415 1069 2496 sustulit,
1093 2427 1141 2479 ut-

262 2538 381 2602 rosque
405 2520 614 2601 copulanoin
636 2540 731 2592 unum
754 2522 916 2604 poputum,
935 2519 1032 2603 juxta
1048 2517 1140 2603 Apo-

261 2627 377 2692 stolum
401 2626 442 2690 ad
466 2625 586 2707 Epiros.
608 2626 638 2690 2.
825 2713 827 2715 Ι

305 2733 336 2795 4.
359 2730 439 2807 Quia
465 2729 567 2794 omnis
595 2730 690 2794 animi
723 2729 832 2811 quies,
865 2730 1032 2813 omniaque
1061 2750 1140 2796 oon·

262 2834 381 2907 solatio
405 2836 444 2897 ab
468 2833 541 2916 ipso
565 2841 635 2909 est,
667 2841 699 2897 et
733 2853 793 2915 per
821 2834 926 2915 ipsum
950 2834 1139 2899 confidimns

260 2956 321 3003 nos
345 2938 441 3003 vitam
466 2946 629 3001 aeternam
658 2945 690 3002 ct
714 2938 930 3023 plenissimam
957 2938 1053 3004 animi
1070 2939 1140 3021 qui,-

260 3052 344 3108 etem
369 3045 570 3108 obtenturos.

303 3148 332 3211 5.
355 3147 437 3225 Quia
468 3147 498 3210 in
533 3147 600 3240 Deo
633 3147 694 3211 crit
732 3149 867 3211 omnium
903 3148 1139 3213 desideriorum

258 3265 441 3319 nostrorum
465 3250 608 3334 impletio
633 3258 666 3314 et
695 3253 933 3334 perfectissima
957 3254 1047 3335 quies
1071 3254 1139 3316 ani·

256 3375 396 3435 morum,
426 3374 496 3420 cum
531 3355 611 3418 nihil
643 3356 780 3439 amplius
804 3357 967 3440 supererit
990 3356 1138 3422 desider·

258 3462 384 3526 andum.
414 3460 494 3525 Nam
518 3459 672 3541 quidquid
696 3463 871 3526 secundnm
896 3470 1016 3528 rectam
1039 3464 1140 3529 ratio·
