2817 4317
1031 556 1033 560 ’
1113 558 1176 624 287

290 748 418 812 seeenii
442 748 551 812 bonis:
583 749 612 812 si
644 749 727 813 enim
760 749 981 831 compatimur,
1007 755 1040 813 et
1062 767 1177 814 nonre-

291 856 472 939 gnebimns.
517 856 581 921 Per
609 856 698 921 illum
731 864 765 919 tn
794 857 887 920 nobis
911 857 958 921 sis
980 858 1048 921 vito
1071 864 1104 922 et
1124 877 1178 922 re·

290 962 404 1043 festio,
428 961 623 1026 domicilium
643 968 676 1026 et
699 961 877 1043 possessio,
901 961 1036 1025 divitiae
1049 969 1082 1025 et
1104 963 1177 1045 glo·

289 1066 358 1147 rie,
391 1064 548 1130 fortitudo
573 1074 605 1129 et
636 1065 812 1147 refugium,
846 1063 939 1146 quies
963 1072 996 1129 et
1017 1066 1178 1147 solatium,

288 1170 456 1253 protentio
491 1176 525 1234 et
557 1169 738 1250 securitas,
774 1168 928 1251 gandium
961 1175 994 1232 et
1028 1170 1176 1235 beatitas,

286 1274 394 1339 Amen.

614 1459 794 1526 posenno
818 1462 849 1514 n.
925 1533 927 1541 A
958 1532 964 1539 ¹

447 1607 502 1669 Ad
527 1607 666 1671 eandem
688 1606 921 1676 bealdudinem
947 1609 1019 1672 Dei.

445 1779 448 1782 ¹
493 1723 535 1811 Ex
553 1756 601 1810 lib.
623 1756 664 1812 14.
689 1756 722 1809 de
739 1727 851 1824 Perfeci.
871 1769 933 1823 cap.
951 1756 989 1813 ὃν

325 1907 327 1912 ’
355 1901 511 1968 Infinitum
545 1902 630 1965 inter
664 1908 697 1963 te
730 1907 764 1963 et
794 1911 864 1977 nos·
887 1905 939 1963 est
960 1898 1174 1982 intervalium,

287 2025 352 2071 non
376 2006 457 2088 loci,
488 2005 547 2071 sed
578 2013 732 2084 naturae;
761 2012 795 2067 nt
828 2004 883 2086 qni
913 2003 1036 2068 infinite
1073 2024 1173 2086 snpra

292 2110 401 2175 omnia
434 2110 585 2174 elevatus
626 2095 880 2198 superemines,
898 2108 1174 2175 intercedentibus

286 2215 420 2309 infinitis
451 2215 621 2280 rationalis
655 2221 792 2278 na'tnrae
821 2214 994 2297 gradibus,
1027 2233 1108 2298 qnos
1140 2216 1173 2280 in

261 2329 342 2385 ona
377 2313 536 2403 sapientia
567 2328 601 2385 et
631 2320 777 2404 potentia
807 2318 986 2404 dispositos
1007 2305 1173 2385 nomines:

286 2424 493 2502 nihilominus
525 2432 614 2489 tonte
649 2433 700 2489 est
731 2426 877 2508 potentie
911 2426 1064 2491 bonitatis
1087 2434 1173 2507 tuae,

287 2538 322 2594 nt
343 2525 479 2620 mentem
502 2537 645 2596 nostram
664 2549 763 2613 sopra
780 2531 888 2594 omnia
904 2539 1015 2596 ornata
1029 2537 1062 2594 et
1078 2548 1173 2595 enea·

287 2625 522 2708 bilia'elevene
537 2627 667 2717 ¹possis,
691 2643 725 2698 et
747 2637 828 2699 mino
843 2637 941 2700 modo
957 2620 1081 2719 absque
1104 2657 1173 2701 me-

258 2776 259 2780 =
288 2740 343 2806 dio
360 2740 418 2804 tihi
432 2760 501 2826 pen
512 2742 678 2829 visionem,
703 2758 855 2821 amorem,
879 2731 912 2803 et
927 2740 1079 2822 gandium
1095 2760 1173 2806 oon·

282 2843 434 2927 jungere.
488 2842 515 2907 0
552 2844 792 2923 admirabilem,
827 2847 955 2908 beatam
989 2846 1171 2927 'gloriosam

287 2950 464 3029 unionem,
486 2950 516 3012 in
541 2961 604 3029 qun
618 2939 721 3018 'simul
745 2956 778 3011 et
801 2943 956 3013 sommum
975 2952 1090 3014 bonum
1113 2968 1171 3014 no·

286 3060 397 3135 strum,
410 3061 454 3117 et
476 3072 598 3116 summe
621 3052 728 3135 gioria
742 3061 797 3117 tna
814 3055 980 3136 reposita!
1003 3075 1063 3136 pen
1084 3054 1170 3119 iliam

275 3157 370 3221 enim
395 3156 551 3222 eifloimor
571 3158 752 3239 partioipes
777 3157 962 3239 divinitatis,
986 3166 1018 3223 et
1034 3159 1171 3222 omnium

286 3264 444 3325 bonorum
464 3280 503 3327 ae
521 3260 712 3344 gaudiorum
732 3272 877 3344 tuorum3
901 3271 944 3348 et¹
957 3281 1017 3344 per
1035 3262 1171 3326 eandem

286 3365 439 3430 divinitas
463 3372 517 3431 tua
540 3386 663 3436 summe
688 3365 791 3458 fuiget
814 3374 908 3431 extra
921 3387 959 3431 se
982 3370 1014 3430 in
1036 3366 1171 3450 speeulo

289 3471 404 3535 mentis
421 3479 563 3554 meotee,
573 3461 756 3536 ,sieniintra
773 3491 814 3547 se,
827 3471 931 3561 [uiget
944 3471 1018 3536 sibi.
1046 3470 1082 3535 ln
1098 3471 1169 3535 eliis
