2817 4317
1087 600 1152 669 249

266 796 367 874 eripe!
395 792 477 856 loeo
507 800 644 854 carnem·
667 787 833 869 infirmem.
877 790 975 874 Acoe,
1009 792 1151 873 Domine,

267 899 454 965 desiderium
476 911 578 961 meum
594 893 636 958 ol
652 892 948 978 immolalatione,
969 901 999 962 et
1012 904 1153 968 animem

267 1002 362 1068 redde
379 1000 472 1066 relos
494 998 609 1080 infimis
632 999 783 1062 altiorem.

312 1105 420 1170 'l'rehe
443 1109 579 1166 mentem
604 1119 707 1164 meam
731 1101 773 1165 ad
797 1108 845 1184 te‘,
876 1104 1060 1194 olboniios
1093 1108 1152 1175 im·

268 1227 398 1275 menen:
421 1208 591 1288 adstringe
610 1223 680 1268 enm
704 1205 765 1268 tibi
786 1225 886 1289 supra
910 1218 1021 1273 oreeie
1044 1213 1150 1277 emnia

266 1313 399 1379 vineole
422 1310 605 1390 insolubili,
628 1328 712 1374 nexo
736 1310 856 1375 amoris
879 1318 1022 1378 aeterno.
1068 1315 1151 1393 Quid

265 1418 350 1483 enim
374 1433 527 1498 quaeram
550 1422 605 1476 aut
628 1422 739 1496 optem
760 1422 854 1479 extre
885 1424 937 1497 te,
963 1417 1150 1499 pulmonis

267 1522 343 1587 boni
368 1539 411 1583 ee·
428 1518 595 1601 plenitudo
620 1524 654 1582 et
674 1519 750 1582 iens
781 1525 815 1582 et
845 1520 917 1586 finis
940 1532 972 1585 et
996 1524 1152 1605 suavitas,

265 1617 460 1690 omni'bono
483 1621 655 1687 melioret
686 1622 926 1710 excellentior?
971 1624 1062 1711 Engo
1095 1645 1151 1697 oe·

264 1729 347 1794 teris
383 1725 544 1809 ne'gle'otis
576 1747 707 1809 semper
733 1734 767 1790 te
797 1729 935 1811 cogitem
967 1738 1002 1793 et
1035 1751 1150 1813 omem,

264 1831 323 1899 libi
343 1833 547 1913 inhaeream,
571 1839 604 1897 et
626 1832 657 1894 in
680 1839 714 1895 le
736 1829 934 1915 oommener,
967 1841 1000 1896 le
1023 1833 1159 1899 leudem¹

263 1946 298 2005 et
331 1935 533 2014 benedicam,
566 1941 600 1996 et
627 1946 740 2000 omnes
768 1936 858 1999 vires
890 1936 1015 2000 animae
1047 1955 1150 2017 meae,

245 2040 436 2123 'omnisque
459 2040 526 2102 vile
550 2057 620 2102 mea
644 2039 767 2102 serviat
785 2040 854 2103 tibi.
899 2038 1074 2110 Vilesoen't¹
1091 2044 1151 2106 mi·-

264 2147 299 2211 h'i
322 2145 429 2210 omnia
450 2142 635 2207 transitoria
658 2150 867 2228 propterte,
900 2150 933 2207 et
953 2144 1052 2209 eheie
1076 2146 1151 2211 mihi

263 2249 329 2314 sint
345 2248 451 2312 omnin
475 2256 540 2327 tue,
563 2253 597 2310 et
619 2254 663 2329 ln,
686 2248 774 2312 liene
794 2267 893 2329 mens,
918 2243 1148 2331 snproonnnie.

260 2345 392 2419 Perfine
416 2371 467 2416 me
489 2351 666 2416 seoondnm
697 2353 886 2418 altissimum
910 2353 1148 2436 beneplacitum

262 2456 407 2520 loomin
432 2455 672 2536 oognitioneet
706 2475 816 2521 amore
847 2456 912 2536 toi,
945 2467 978 2523 et
1010 2460 1150 2524 transiet

263 2561 317 2625 me
338 2568 442 2625 tetum
462 2560 493 2623 in
527 2560 682 2642 teipsum,
715 2568 750 2626 ut
780 2578 863 2624 nnus
886 2566 989 2625 teeom
1014 2564 1147 2646 spinione

263 2664 399 2730 elfieian.
444 2663 549 2730 Amen.

508 2887 831 2952 con-sloonoiio
861 2890 907 2953 ΙΧ.

543 3027 592 3092 lie
612 3005 776 3094 ollitodioe
798 3029 865 3095 liei.

496 3167 609 3244 *Allecto
632 3167 737 3217 emonis
762 3183 821 3218 cnon
844 3168 913 3220 Dee.

234 3315 237 3320 ·
307 3293 396 3357 Deus
430 3290 547 3355 dieitur
586 3289 728 3355 excelsus
757 3254 796 3356 el
823 3293 1018 3358 unissime:
1052 3296 1080 3359 1.
1115 3303 1149 3359 nt

262 3413 363 3461 ennea
385 3395 489 3459 ononis
510 3393 715 3460 eelsitudinis
737 3403 771 3458 et
803 3397 1027 3474 sublimitatis,
1061 3417 1146 3479 quoe

261 3510 316 3566 est
339 3500 370 3566 in
394 3502 491 3565 rebus
515 3499 657 3581 ereetie3
687 3498 767 3568 eine.
783 3519 830 3564 en
858 3502 900 3564 eit
926 3502 1051 3567 ratione
1086 3503 1148 3568 loni

848 3603 944 3672 11oo
