<?xml version="1.0" encoding="UTF-8"?>
<!DOCTYPE html PUBLIC "-//W3C//DTD XHTML 1.0 Transitional//EN"
    "http://www.w3.org/TR/xhtml1/DTD/xhtml1-transitional.dtd">
<html xmlns="http://www.w3.org/1999/xhtml" xml:lang="en" lang="en">
 <head>
  <title>
</title>
<meta http-equiv="Content-Type" content="text/html;charset=utf-8" />
  <meta name='ocr-system' content='tesseract 3.04.00' />
  <meta name='ocr-capabilities' content='ocr_page ocr_carea ocr_par ocr_line ocrx_word'/>
</head>
<body>
  <div class='ocr_page' id='page_1' title='image "./leonardilessiio00lessgoog_0219.png"; bbox 0 0 2817 4317; ppageno 0'>
   <div class='ocr_carea' id='block_1_1' title="bbox 322 380 449 448">
    <p class='ocr_par' dir='ltr' id='par_1_1' title="bbox 322 380 449 448">
     <span class='ocr_line' id='line_1_1' title="bbox 322 380 449 448; baseline 0.031 -3"><span class='ocrx_word' id='word_1_1' title='bbox 322 380 386 448; x_wconf 78' lang='lat'><strong><em>218</em></strong></span> <span class='ocrx_word' id='word_1_2' title='bbox 447 411 449 415; x_wconf 94' lang='lat'>·</span> 
     </span>
    </p>
   </div>
   <div class='ocr_carea' id='block_1_2' title="bbox 274 570 1207 3147">
    <p class='ocr_par' dir='ltr' id='par_1_2' title="bbox 274 570 1207 3147">
     <span class='ocr_line' id='line_1_2' title="bbox 323 570 1206 658; baseline -0.005 -20"><span class='ocrx_word' id='word_1_3' title='bbox 323 574 426 638; x_wconf 79' lang='lat' dir='ltr'><strong><em>landa.</em></strong></span> <span class='ocrx_word' id='word_1_4' title='bbox 475 572 514 637; x_wconf 86' lang='lat' dir='ltr'><strong><em>ltt</em></strong></span> <span class='ocrx_word' id='word_1_5' title='bbox 535 570 669 652; x_wconf 85' lang='lat' dir='ltr'><strong><em>infinito,</em></strong></span> <span class='ocrx_word' id='word_1_6' title='bbox 692 574 799 636; x_wconf 83' lang='lat' dir='ltr'><strong><em>intime</em></strong></span> <span class='ocrx_word' id='word_1_7' title='bbox 820 572 1050 654; x_wconf 81' lang='lat' dir='ltr'><strong><em>eanpratntare.</em></strong></span> <span class='ocrx_word' id='word_1_8' title='bbox 1079 574 1143 658; x_wconf 38' lang='lat' dir='ltr'><strong><em>‚ta</em></strong></span> <span class='ocrx_word' id='word_1_9' title='bbox 1163 572 1206 635; x_wconf 88' lang='lat' dir='ltr'><strong><em>in·</em></strong></span> 
     </span>
     <span class='ocr_line' id='line_1_3' title="bbox 319 674 1207 758; baseline -0.002 -17"><span class='ocrx_word' id='word_1_10' title='bbox 319 674 663 758; x_wconf 82' lang='lat' dir='ltr'><strong><em>eomprehensibilem,</em></strong></span> <span class='ocrx_word' id='word_1_11' title='bbox 700 678 851 740; x_wconf 78' lang='lat' dir='ltr'><strong><em>attonitus</em></strong></span> <span class='ocrx_word' id='word_1_12' title='bbox 888 676 1062 748; x_wconf 77' lang='lat' dir='ltr'><strong><em>admirare.</em></strong></span> <span class='ocrx_word' id='word_1_13' title='bbox 1123 678 1207 743; x_wconf 85' lang='lat' dir='ltr'><strong><em>Alias</em></strong></span> 
     </span>
     <span class='ocr_line' id='line_1_4' title="bbox 319 770 1207 861; baseline -0.001 -17"><span class='ocrx_word' id='word_1_14' title='bbox 319 779 420 844; x_wconf 85' lang='lat' dir='ltr'><strong><em>Deam</em></strong></span> <span class='ocrx_word' id='word_1_15' title='bbox 459 780 529 845; x_wconf 85' lang='lat' dir='ltr'><strong><em>lieet</em></strong></span> <span class='ocrx_word' id='word_1_16' title='bbox 561 770 772 858; x_wconf 82' lang='lat' dir='ltr'>invisibilem,</span> <span class='ocrx_word' id='word_1_17' title='bbox 805 779 860 844; x_wconf 84' lang='lat' dir='ltr'><strong><em>lili</em></strong></span> <span class='ocrx_word' id='word_1_18' title='bbox 892 776 967 845; x_wconf 80' lang='lat' dir='ltr'><strong><em>siste</em></strong></span> <span class='ocrx_word' id='word_1_19' title='bbox 1000 788 1207 861; x_wconf 79' lang='lat' dir='ltr'><strong><em>praesentem.</em></strong></span> 
     </span>
     <span class='ocr_line' id='line_1_5' title="bbox 318 883 1206 964; baseline 0.001 -17"><span class='ocrx_word' id='word_1_20' title='bbox 318 883 404 949; x_wconf 80' lang='lat' dir='ltr'><strong><em>Licet</em></strong></span> <span class='ocrx_word' id='word_1_21' title='bbox 423 883 639 964; x_wconf 78' lang='lat' dir='ltr'><strong><em>ineffabilem,</em></strong></span> <span class='ocrx_word' id='word_1_22' title='bbox 666 884 807 964; x_wconf 82' lang='lat' dir='ltr'><strong><em>elapaere</em></strong></span> <span class='ocrx_word' id='word_1_23' title='bbox 828 888 858 947; x_wconf 92' lang='lat' dir='ltr'><strong><em>et</em></strong></span> <span class='ocrx_word' id='word_1_24' title='bbox 880 884 994 949; x_wconf 82' lang='lat' dir='ltr'><strong><em>zelare.</em></strong></span> <span class='ocrx_word' id='word_1_25' title='bbox 1038 885 1128 950; x_wconf 80' lang='lat' dir='ltr'><strong><em>Licet</em></strong></span> <span class='ocrx_word' id='word_1_26' title='bbox 1151 885 1206 948; x_wconf 89' lang='lat' dir='ltr'><strong><em>im-</em></strong></span> 
     </span>
     <span class='ocr_line' id='line_1_6' title="bbox 318 987 1206 1069; baseline 0 -18"><span class='ocrx_word' id='word_1_27' title='bbox 318 987 506 1067; x_wconf 84' lang='lat' dir='ltr'><strong><em>mortalem,</em></strong></span> <span class='ocrx_word' id='word_1_28' title='bbox 529 987 671 1052; x_wconf 83' lang='lat' dir='ltr'><strong><em>mortalis</em></strong></span> <span class='ocrx_word' id='word_1_29' title='bbox 694 989 884 1069; x_wconf 79' lang='lat' dir='ltr'><strong><em>concupisse.</em></strong></span> <span class='ocrx_word' id='word_1_30' title='bbox 929 988 1014 1052; x_wconf 88' lang='lat' dir='ltr'><strong><em>Lieet</em></strong></span> <span class='ocrx_word' id='word_1_31' title='bbox 1036 989 1206 1067; x_wconf 79' lang='lat' dir='ltr'><strong><em>altissimo,</em></strong></span> 
     </span>
     <span class='ocr_line' id='line_1_7' title="bbox 318 1092 1206 1173; baseline -0.003 -16"><span class='ocrx_word' id='word_1_32' title='bbox 318 1098 399 1158; x_wconf 84' lang='lat' dir='ltr'><strong><em>totns</em></strong></span> <span class='ocrx_word' id='word_1_33' title='bbox 429 1096 626 1172; x_wconf 83' lang='lat' dir='ltr'><strong><em>aanjnnpere.</em></strong></span> <span class='ocrx_word' id='word_1_34' title='bbox 668 1092 754 1157; x_wconf 80' lang='lat' dir='ltr'><strong><em>Licet</em></strong></span> <span class='ocrx_word' id='word_1_35' title='bbox 771 1092 978 1169; x_wconf 82' lang='lat' dir='ltr'><strong><em>immensum,</em></strong></span> <span class='ocrx_word' id='word_1_36' title='bbox 1009 1094 1206 1173; x_wconf 83' lang='lat' dir='ltr'><strong><em>amplectere.</em></strong></span> 
     </span>
     <span class='ocr_line' id='line_1_8' title="bbox 316 1195 1207 1274; baseline 0.002 -13"><span class='ocrx_word' id='word_1_37' title='bbox 316 1198 408 1264; x_wconf 85' lang='lat' dir='ltr'><strong><em>Nare</em></strong></span> <span class='ocrx_word' id='word_1_38' title='bbox 419 1199 522 1260; x_wconf 85' lang='lat' dir='ltr'><strong><em>antem</em></strong></span> <span class='ocrx_word' id='word_1_39' title='bbox 535 1197 752 1274; x_wconf 75' lang='lat' dir='ltr'><strong><em>almssitndme,</em></strong></span> <span class='ocrx_word' id='word_1_40' title='bbox 774 1200 807 1260; x_wconf 84' lang='lat' dir='ltr'><strong><em>tn</em></strong></span> <span class='ocrx_word' id='word_1_41' title='bbox 822 1195 875 1260; x_wconf 85' lang='lat' dir='ltr'><strong><em>illa</em></strong></span> <span class='ocrx_word' id='word_1_42' title='bbox 897 1198 981 1259; x_wconf 88' lang='lat' dir='ltr'><strong><em>bono</em></strong></span> <span class='ocrx_word' id='word_1_43' title='bbox 999 1195 1151 1261; x_wconf 84' lang='lat' dir='ltr'><strong><em>increato</em></strong></span> <span class='ocrx_word' id='word_1_44' title='bbox 1169 1202 1207 1263; x_wconf 87' lang='lat' dir='ltr'><strong><em>sit</em></strong></span> 
     </span>
     <span class='ocr_line' id='line_1_9' title="bbox 274 1298 1204 1389; baseline 0.001 -24"><span class='ocrx_word' id='word_1_45' title='bbox 274 1349 276 1353; x_wconf 44' lang='lat'>&gt;</span> <span class='ocrx_word' id='word_1_46' title='bbox 318 1300 431 1365; x_wconf 82' lang='lat' dir='ltr'><strong><em>lenem</em></strong></span> <span class='ocrx_word' id='word_1_47' title='bbox 453 1299 605 1363; x_wconf 84' lang='lat' dir='ltr'><strong><em>lillesse.</em></strong></span> <span class='ocrx_word' id='word_1_48' title='bbox 631 1298 670 1362; x_wconf 88' lang='lat' dir='ltr'><strong><em>In</em></strong></span> <span class='ocrx_word' id='word_1_49' title='bbox 687 1298 1133 1389; x_wconf 80' lang='lat' dir='ltr'><strong><em>ltladuleedineeonpniesee.</em></strong></span> <span class='ocrx_word' id='word_1_50' title='bbox 1171 1302 1204 1366; x_wconf 90' lang='lat' dir='ltr'><strong><em>tn</em></strong></span> 
     </span>
     <span class='ocr_line' id='line_1_10' title="bbox 316 1401 1204 1485; baseline -0.002 -16"><span class='ocrx_word' id='word_1_51' title='bbox 316 1401 912 1484; x_wconf 82' lang='lat' dir='ltr'><strong><em>illapulchritudinesnspensastraere.</em></strong></span> <span class='ocrx_word' id='word_1_52' title='bbox 940 1403 1033 1468; x_wconf 81' lang='lat' dir='ltr'><strong><em>Iltsm</em></strong></span> <span class='ocrx_word' id='word_1_53' title='bbox 1048 1406 1204 1485; x_wconf 80' lang='lat' dir='ltr'><strong><em>sanctita·</em></strong></span> 
     </span>
     <span class='ocr_line' id='line_1_11' title="bbox 318 1505 1204 1590; baseline 0.005 -21"><span class='ocrx_word' id='word_1_54' title='bbox 318 1516 381 1570; x_wconf 84' lang='lat' dir='ltr'><strong><em>tem</em></strong></span> <span class='ocrx_word' id='word_1_55' title='bbox 391 1507 559 1571; x_wconf 79' lang='lat' dir='ltr'><strong><em>aemulare.</em></strong></span> <span class='ocrx_word' id='word_1_56' title='bbox 574 1505 896 1590; x_wconf 81' lang='lat' dir='ltr'><strong><em>-Inr&#39;ltampnritatem</em></strong></span> <span class='ocrx_word' id='word_1_57' title='bbox 908 1506 1150 1589; x_wconf 70' lang='lat' dir='ltr'><strong><em>transformare.</em></strong></span> <span class='ocrx_word' id='word_1_58' title='bbox 1170 1510 1204 1573; x_wconf 90' lang='lat' dir='ltr'><strong><em>tn</em></strong></span> 
     </span>
     <span class='ocr_line' id='line_1_12' title="bbox 316 1610 1203 1693; baseline -0.005 -15"><span class='ocrx_word' id='word_1_59' title='bbox 316 1612 371 1678; x_wconf 79' lang='lat' dir='ltr'><strong><em>illa</em></strong></span> <span class='ocrx_word' id='word_1_60' title='bbox 393 1610 649 1674; x_wconf 83' lang='lat' dir='ltr'><strong><em>immutabilitate</em></strong></span> <span class='ocrx_word' id='word_1_61' title='bbox 671 1614 809 1693; x_wconf 78' lang='lat' dir='ltr'><strong><em>persiste.</em></strong></span> <span class='ocrx_word' id='word_1_62' title='bbox 846 1611 938 1676; x_wconf 84' lang='lat' dir='ltr'><strong><em>Illam</em></strong></span> <span class='ocrx_word' id='word_1_63' title='bbox 955 1619 1083 1692; x_wconf 82' lang='lat' dir='ltr'><strong><em>patrem</em></strong></span> <span class='ocrx_word' id='word_1_64' title='bbox 1107 1613 1203 1677; x_wconf 81' lang='lat' dir='ltr'><strong><em>futuri</em></strong></span> 
     </span>
     <span class='ocr_line' id='line_1_13' title="bbox 318 1713 1204 1797; baseline 0.01 -20"><span class='ocrx_word' id='word_1_65' title='bbox 318 1714 440 1779; x_wconf 76' lang='lat' dir='ltr'><strong><em>saeculi</em></strong></span> <span class='ocrx_word' id='word_1_66' title='bbox 462 1729 545 1778; x_wconf 89' lang='lat' dir='ltr'><strong><em>ama.</em></strong></span> <span class='ocrx_word' id='word_1_67' title='bbox 582 1713 643 1779; x_wconf 90' lang='lat' dir='ltr'><strong><em>Illa</em></strong></span> <span class='ocrx_word' id='word_1_68' title='bbox 662 1715 859 1779; x_wconf 80' lang='lat' dir='ltr'><strong><em>beatitudins</em></strong></span> <span class='ocrx_word' id='word_1_69' title='bbox 874 1714 988 1797; x_wconf 74' lang='lat' dir='ltr'><strong><em>fraere.</em></strong></span> <span class='ocrx_word' id='word_1_70' title='bbox 1020 1715 1080 1780; x_wconf 84' lang='lat' dir='ltr'><strong><em>His</em></strong></span> <span class='ocrx_word' id='word_1_71' title='bbox 1093 1718 1204 1786; x_wconf 80' lang='lat' dir='ltr'><strong><em>immo·</em></strong></span> 
     </span>
     <span class='ocr_line' id='line_1_14' title="bbox 316 1810 1203 1896; baseline 0.005 -16"><span class='ocrx_word' id='word_1_72' title='bbox 316 1833 396 1896; x_wconf 89' lang='lat' dir='ltr'><strong><em>rare,</em></strong></span> <span class='ocrx_word' id='word_1_73' title='bbox 417 1817 522 1883; x_wconf 73' lang='lat' dir='ltr'><strong><em>tntis</em></strong></span> <span class='ocrx_word' id='word_1_74' title='bbox 544 1822 622 1895; x_wconf 87' lang='lat' dir='ltr'><strong><em>esta,</em></strong></span> <span class='ocrx_word' id='word_1_75' title='bbox 656 1824 684 1883; x_wconf 92' lang='lat' dir='ltr'><strong><em>et</em></strong></span> <span class='ocrx_word' id='word_1_76' title='bbox 707 1837 777 1884; x_wconf 86' lang='lat' dir='ltr'><strong><em>earn</em></strong></span> <span class='ocrx_word' id='word_1_77' title='bbox 794 1820 884 1895; x_wconf 88' lang='lat' dir='ltr'><strong><em>rates,</em></strong></span> <span class='ocrx_word' id='word_1_78' title='bbox 907 1819 947 1883; x_wconf 84' lang='lat' dir='ltr'><strong><em>ab</em></strong></span> <span class='ocrx_word' id='word_1_79' title='bbox 967 1835 1036 1883; x_wconf 87' lang='lat' dir='ltr'><strong><em>esse</em></strong></span> <span class='ocrx_word' id='word_1_80' title='bbox 1057 1825 1113 1883; x_wconf 87' lang='lat' dir='ltr'><strong><em>tao</em></strong></span> <span class='ocrx_word' id='word_1_81' title='bbox 1138 1810 1203 1884; x_wconf 81' lang='lat' dir='ltr'><strong><em>ere</em></strong></span> 
     </span>
     <span class='ocr_line' id='line_1_15' title="bbox 318 1920 1204 2007; baseline 0.005 -21"><span class='ocrx_word' id='word_1_82' title='bbox 318 1928 369 1986; x_wconf 88' lang='lat' dir='ltr'><strong><em>ata</em></strong></span> <span class='ocrx_word' id='word_1_83' title='bbox 392 1920 496 2002; x_wconf 75' lang='lat' dir='ltr'><strong><em>detine,</em></strong></span> <span class='ocrx_word' id='word_1_84' title='bbox 529 1939 569 1985; x_wconf 86' lang='lat' dir='ltr'><strong><em>aa</em></strong></span> <span class='ocrx_word' id='word_1_85' title='bbox 589 1922 624 1985; x_wconf 85' lang='lat' dir='ltr'><strong><em>in</em></strong></span> <span class='ocrx_word' id='word_1_86' title='bbox 649 1940 717 1988; x_wconf 86' lang='lat' dir='ltr'><strong><em>esse</em></strong></span> <span class='ocrx_word' id='word_1_87' title='bbox 739 1930 824 1989; x_wconf 86' lang='lat' dir='ltr'><strong><em>lnam</em></strong></span> <span class='ocrx_word' id='word_1_88' title='bbox 845 1923 1018 1988; x_wconf 79' lang='lat' dir='ltr'><strong><em>increatam</em></strong></span> <span class='ocrx_word' id='word_1_89' title='bbox 1041 1930 1070 1988; x_wconf 88' lang='lat' dir='ltr'><strong><em>et</em></strong></span> <span class='ocrx_word' id='word_1_90' title='bbox 1092 1942 1204 2007; x_wconf 86' lang='lat' dir='ltr'><strong><em>snper·</em></strong></span> 
     </span>
     <span class='ocr_line' id='line_1_16' title="bbox 316 2022 1205 2108; baseline 0.004 -18"><span class='ocrx_word' id='word_1_91' title='bbox 316 2026 495 2106; x_wconf 77' lang='lat' dir='ltr'><strong><em>essentiale,</em></strong></span> <span class='ocrx_word' id='word_1_92' title='bbox 524 2022 605 2106; x_wconf 73' lang='lat' dir='ltr'><strong><em>anna</em></strong></span> <span class='ocrx_word' id='word_1_93' title='bbox 637 2028 671 2091; x_wconf 84' lang='lat' dir='ltr'><strong><em>in</em></strong></span> <span class='ocrx_word' id='word_1_94' title='bbox 693 2029 763 2093; x_wconf 80' lang='lat' dir='ltr'><strong><em>idea</em></strong></span> <span class='ocrx_word' id='word_1_95' title='bbox 794 2033 865 2107; x_wconf 87' lang='lat' dir='ltr'><strong><em>tan,</em></strong></span> <span class='ocrx_word' id='word_1_96' title='bbox 899 2044 991 2108; x_wconf 82' lang='lat' dir='ltr'><strong><em>paam</em></strong></span> <span class='ocrx_word' id='word_1_97' title='bbox 1023 2032 1058 2092; x_wconf 83' lang='lat' dir='ltr'><strong><em>tn</em></strong></span> <span class='ocrx_word' id='word_1_98' title='bbox 1095 2030 1205 2094; x_wconf 78' lang='lat' dir='ltr'><strong><em>divina</em></strong></span> 
     </span>
     <span class='ocr_line' id='line_1_17' title="bbox 316 2118 1205 2212; baseline 0.004 -19"><span class='ocrx_word' id='word_1_99' title='bbox 316 2118 451 2194; x_wconf 72' lang='lat' dir='ltr'><strong><em>essentia</em></strong></span> <span class='ocrx_word' id='word_1_100' title='bbox 474 2134 504 2194; x_wconf 89' lang='lat' dir='ltr'><strong><em>et</em></strong></span> <span class='ocrx_word' id='word_1_101' title='bbox 530 2132 684 2212; x_wconf 80' lang='lat' dir='ltr'><strong><em>sapientia</em></strong></span> <span class='ocrx_word' id='word_1_102' title='bbox 717 2131 757 2194; x_wconf 86' lang='lat' dir='ltr'><strong><em>al</em></strong></span> <span class='ocrx_word' id='word_1_103' title='bbox 786 2135 913 2195; x_wconf 91' lang='lat' dir='ltr'><strong><em>aeterna</em></strong></span> <span class='ocrx_word' id='word_1_104' title='bbox 945 2130 1056 2209; x_wconf 81' lang='lat' dir='ltr'><strong><em>labes,</em></strong></span> <span class='ocrx_word' id='word_1_105' title='bbox 1078 2137 1205 2197; x_wconf 89' lang='lat' dir='ltr'><strong><em>transt:</em></strong></span> 
     </span>
     <span class='ocr_line' id='line_1_18' title="bbox 318 2232 1205 2313; baseline 0.007 -15"><span class='ocrx_word' id='word_1_106' title='bbox 318 2240 390 2298; x_wconf 84' lang='lat' dir='ltr'><strong><em>tnnc</em></strong></span> <span class='ocrx_word' id='word_1_107' title='bbox 408 2235 538 2313; x_wconf 83' lang='lat' dir='ltr'><strong><em>teipsam</em></strong></span> <span class='ocrx_word' id='word_1_108' title='bbox 560 2250 628 2297; x_wconf 83' lang='lat' dir='ltr'><strong><em>esse</em></strong></span> <span class='ocrx_word' id='word_1_109' title='bbox 641 2235 780 2303; x_wconf 77' lang='lat' dir='ltr'><strong><em>invenies</em></strong></span> <span class='ocrx_word' id='word_1_110' title='bbox 799 2251 894 2298; x_wconf 83' lang='lat' dir='ltr'><strong><em>annm</em></strong></span> <span class='ocrx_word' id='word_1_111' title='bbox 915 2251 985 2298; x_wconf 87' lang='lat' dir='ltr'><strong><em>eam</em></strong></span> <span class='ocrx_word' id='word_1_112' title='bbox 1007 2232 1080 2312; x_wconf 79' lang='lat' dir='ltr'><strong><em>Dea,</em></strong></span> <span class='ocrx_word' id='word_1_113' title='bbox 1106 2257 1205 2303; x_wconf 87' lang='lat' dir='ltr'><strong><em>anam</em></strong></span> 
     </span>
     <span class='ocr_line' id='line_1_19' title="bbox 318 2338 1204 2417; baseline 0.005 -13"><span class='ocrx_word' id='word_1_114' title='bbox 318 2338 738 2417; x_wconf 73' lang='lat' dir='ltr'><strong><em>essentiamnnamailam,</em></strong></span> <span class='ocrx_word' id='word_1_115' title='bbox 758 2355 854 2403; x_wconf 89' lang='lat' dir='ltr'><strong><em>nnam</em></strong></span> <span class='ocrx_word' id='word_1_116' title='bbox 876 2338 982 2413; x_wconf 77' lang='lat' dir='ltr'><strong><em>lacem</em></strong></span> <span class='ocrx_word' id='word_1_117' title='bbox 1004 2356 1105 2404; x_wconf 85' lang='lat' dir='ltr'><strong><em>anam</em></strong></span> <span class='ocrx_word' id='word_1_118' title='bbox 1129 2343 1204 2408; x_wconf 77' lang='lat' dir='ltr'><strong><em>aea·</em></strong></span> 
     </span>
     <span class='ocr_line' id='line_1_20' title="bbox 317 2430 1204 2522; baseline 0.005 -15"><span class='ocrx_word' id='word_1_119' title='bbox 317 2443 475 2507; x_wconf 79' lang='lat' dir='ltr'><strong><em>titudinem</em></strong></span> <span class='ocrx_word' id='word_1_120' title='bbox 480 2430 495 2517; x_wconf 73' lang='lat'><strong><em>,&#39;</em></strong></span> <span class='ocrx_word' id='word_1_121' title='bbox 511 2456 607 2504; x_wconf 87' lang='lat' dir='ltr'><strong><em>nnnrn</em></strong></span> <span class='ocrx_word' id='word_1_122' title='bbox 629 2442 789 2521; x_wconf 76' lang='lat' dir='ltr'><strong><em>spiritam,</em></strong></span> <span class='ocrx_word' id='word_1_123' title='bbox 807 2445 901 2521; x_wconf 80' lang='lat' dir='ltr'><strong><em>jaste</em></strong></span> <span class='ocrx_word' id='word_1_124' title='bbox 920 2441 952 2504; x_wconf 81' lang='lat' dir='ltr'><strong><em>tt</em></strong></span> <span class='ocrx_word' id='word_1_125' title='bbox 969 2441 1074 2522; x_wconf 78' lang='lat' dir='ltr'><strong><em>Apasl</em></strong></span> <span class='ocrx_word' id='word_1_126' title='bbox 1100 2446 1204 2511; x_wconf 77' lang='lat' dir='ltr'><strong><em>toan·</em></strong></span> 
     </span>
     <span class='ocr_line' id='line_1_21' title="bbox 315 2542 1206 2625; baseline -0.002 -14"><span class='ocrx_word' id='word_1_127' title='bbox 315 2549 381 2611; x_wconf 82' lang='lat' dir='ltr'><strong><em>nis:</em></strong></span> <span class='ocrx_word' id='word_1_128' title='bbox 426 2542 520 2620; x_wconf 81' lang='lat' dir='ltr'>Quod</span> <span class='ocrx_word' id='word_1_129' title='bbox 550 2542 669 2606; x_wconf 82' lang='lat' dir='ltr'><strong><em>fassum</em></strong></span> <span class='ocrx_word' id='word_1_130' title='bbox 701 2553 765 2622; x_wconf 83' lang='lat' dir='ltr'><strong><em>est,</em></strong></span> <span class='ocrx_word' id='word_1_131' title='bbox 796 2544 923 2625; x_wconf 86' lang='lat' dir='ltr'><strong><em>inipso</em></strong></span> <span class='ocrx_word' id='word_1_132' title='bbox 946 2543 1012 2607; x_wconf 89' lang='lat' dir='ltr'><strong><em>vita</em></strong></span> <span class='ocrx_word' id='word_1_133' title='bbox 1036 2555 1120 2613; x_wconf 84' lang='lat' dir='ltr'><strong><em>erat.</em></strong></span> <span class='ocrx_word' id='word_1_134' title='bbox 1167 2551 1206 2616; x_wconf 77' lang='lat' dir='ltr'><strong><em>Et</em></strong></span> 
     </span>
     <span class='ocr_line' id='line_1_22' title="bbox 314 2647 1205 2730; baseline 0.004 -17"><span class='ocrx_word' id='word_1_135' title='bbox 314 2667 384 2713; x_wconf 86' lang='lat' dir='ltr'><strong><em>anm</em></strong></span> <span class='ocrx_word' id='word_1_136' title='bbox 412 2651 524 2712; x_wconf 77' lang='lat' dir='ltr'><strong><em>lteram</em></strong></span> <span class='ocrx_word' id='word_1_137' title='bbox 553 2648 651 2724; x_wconf 83' lang='lat' dir='ltr'><strong><em>sales,</em></strong></span> <span class='ocrx_word' id='word_1_138' title='bbox 668 2650 714 2720; x_wconf 71' lang='lat' dir='ltr'><strong><em>tn</em></strong></span> <span class='ocrx_word' id='word_1_139' title='bbox 746 2647 960 2712; x_wconf 82' lang='lat' dir='ltr'><strong><em>immensitate</em></strong></span> <span class='ocrx_word' id='word_1_140' title='bbox 990 2651 1091 2730; x_wconf 82' lang='lat' dir='ltr'><strong><em>illins,</em></strong></span> <span class='ocrx_word' id='word_1_141' title='bbox 1123 2657 1205 2720; x_wconf 81' lang='lat' dir='ltr'><strong><em>relat</em></strong></span> 
     </span>
     <span class='ocr_line' id='line_1_23' title="bbox 317 2750 1203 2834; baseline 0.007 -17"><span class='ocrx_word' id='word_1_142' title='bbox 317 2750 510 2832; x_wconf 82' lang='lat' dir='ltr'><strong><em>amplissimo</em></strong></span> <span class='ocrx_word' id='word_1_143' title='bbox 544 2768 675 2823; x_wconf 83' lang='lat' dir='ltr'><strong><em>areana,</em></strong></span> <span class='ocrx_word' id='word_1_144' title='bbox 705 2756 734 2815; x_wconf 93' lang='lat' dir='ltr'><strong><em>te</em></strong></span> <span class='ocrx_word' id='word_1_145' title='bbox 762 2753 908 2831; x_wconf 83' lang='lat' dir='ltr'><strong><em>immerpe</em></strong></span> <span class='ocrx_word' id='word_1_146' title='bbox 936 2771 975 2817; x_wconf 90' lang='lat' dir='ltr'><strong><em>ae</em></strong></span> <span class='ocrx_word' id='word_1_147' title='bbox 1006 2756 1117 2834; x_wconf 83' lang='lat' dir='ltr'><strong><em>perae.</em></strong></span> <span class='ocrx_word' id='word_1_148' title='bbox 1167 2759 1203 2823; x_wconf 90' lang='lat' dir='ltr'><strong><em>tn</em></strong></span> 
     </span>
     <span class='ocr_line' id='line_1_24' title="bbox 316 2855 1203 2937; baseline 0.008 -17"><span class='ocrx_word' id='word_1_149' title='bbox 316 2855 481 2933; x_wconf 79' lang='lat' dir='ltr'><strong><em>infinitate,</em></strong></span> <span class='ocrx_word' id='word_1_150' title='bbox 504 2872 584 2937; x_wconf 79' lang='lat' dir='ltr'><strong><em>qnae</em></strong></span> <span class='ocrx_word' id='word_1_151' title='bbox 606 2859 701 2919; x_wconf 88' lang='lat' dir='ltr'><strong><em>totam</em></strong></span> <span class='ocrx_word' id='word_1_152' title='bbox 723 2857 930 2920; x_wconf 82' lang='lat' dir='ltr'><strong><em>essentiarum</em></strong></span> <span class='ocrx_word' id='word_1_153' title='bbox 951 2860 1091 2923; x_wconf 84' lang='lat' dir='ltr'><strong><em>omnium</em></strong></span> <span class='ocrx_word' id='word_1_154' title='bbox 1121 2862 1203 2927; x_wconf 82' lang='lat' dir='ltr'><strong><em>mal·</em></strong></span> 
     </span>
     <span class='ocr_line' id='line_1_25' title="bbox 315 2945 1204 3041; baseline 0.008 -16"><span class='ocrx_word' id='word_1_155' title='bbox 315 2962 474 3027; x_wconf 80' lang='lat' dir='ltr'><strong><em>lttnslr&#39;nem</em></strong></span> <span class='ocrx_word' id='word_1_156' title='bbox 496 2961 665 3023; x_wconf 79' lang='lat' dir='ltr'><strong><em>eminenter</em></strong></span> <span class='ocrx_word' id='word_1_157' title='bbox 687 2945 915 3041; x_wconf 67' lang='lat' dir='ltr'><strong><em>compinctum,</em></strong></span> <span class='ocrx_word' id='word_1_158' title='bbox 947 2963 990 3027; x_wconf 84' lang='lat' dir='ltr'><strong><em>aa</em></strong></span> <span class='ocrx_word' id='word_1_159' title='bbox 1018 2964 1156 3032; x_wconf 76' lang='lat' dir='ltr'><strong><em>militurn</em></strong></span> <span class='ocrx_word' id='word_1_160' title='bbox 1175 2974 1204 3032; x_wconf 87' lang='lat' dir='ltr'><strong><em>te</em></strong></span> 
     </span>
     <span class='ocr_line' id='line_1_26' title="bbox 314 3062 1200 3147; baseline 0.006 -17"><span class='ocrx_word' id='word_1_161' title='bbox 314 3067 426 3147; x_wconf 78' lang='lat' dir='ltr'><strong><em>redipe.</em></strong></span> <span class='ocrx_word' id='word_1_162' title='bbox 469 3063 510 3130; x_wconf 82' lang='lat' dir='ltr'><strong><em>In</em></strong></span> <span class='ocrx_word' id='word_1_163' title='bbox 531 3062 675 3126; x_wconf 83' lang='lat' dir='ltr'><strong><em>bonitale</em></strong></span> <span class='ocrx_word' id='word_1_164' title='bbox 702 3064 891 3147; x_wconf 82' lang='lat' dir='ltr'><strong><em>eallipnesre.</em></strong></span> <span class='ocrx_word' id='word_1_165' title='bbox 918 3066 984 3146; x_wconf 16' lang='lat' dir='ltr'><strong><em>&#39;Ari</em></strong></span> <span class='ocrx_word' id='word_1_166' title='bbox 1003 3066 1200 3135; x_wconf 79' lang='lat' dir='ltr'><strong><em>invisibilem</em></strong></span> 
     </span>
    </p>
   </div>
   <div class='ocr_carea' id='block_1_3' title="bbox 195 3167 1203 3268">
    <p class='ocr_par' dir='ltr' id='par_1_3' title="bbox 195 3167 1203 3268">
     <span class='ocr_line' id='line_1_27' title="bbox 195 3167 1203 3268; baseline 0.001 -34"><span class='ocrx_word' id='word_1_167' title='bbox 195 3236 199 3242; x_wconf 79' lang='grc'><strong>,</strong></span> <span class='ocrx_word' id='word_1_168' title='bbox 315 3171 423 3268; x_wconf 52' lang='lat' dir='ltr'><strong><em>lesem⁸</em></strong></span> <span class='ocrx_word' id='word_1_169' title='bbox 435 3169 644 3251; x_wconf 86' lang='lat' dir='ltr'><strong><em>perstrinpere</em></strong></span> <span class='ocrx_word' id='word_1_170' title='bbox 671 3168 811 3251; x_wconf 84' lang='lat' dir='ltr'><strong><em>eatipine.</em></strong></span> <span class='ocrx_word' id='word_1_171' title='bbox 853 3167 896 3234; x_wconf 77' lang='lat' dir='ltr'><strong><em>&#39;In</em></strong></span> <span class='ocrx_word' id='word_1_172' title='bbox 924 3169 1115 3255; x_wconf 82' lang='lat' dir='ltr'><strong><em>altitudine,</em></strong></span> <span class='ocrx_word' id='word_1_173' title='bbox 1141 3193 1203 3258; x_wconf 76' lang='lat' dir='ltr'><strong><em>qua</em></strong></span> 
     </span>
    </p>
   </div>
   <div class='ocr_carea' id='block_1_4' title="bbox 314 3263 1200 3356">
    <p class='ocr_par' dir='ltr' id='par_1_4' title="bbox 314 3263 1200 3356">
     <span class='ocr_line' id='line_1_28' title="bbox 314 3263 1200 3356; baseline 0.007 -17"><span class='ocrx_word' id='word_1_174' title='bbox 314 3263 424 3356; x_wconf 85' lang='lat' dir='ltr'><strong><em>snper</em></strong></span> <span class='ocrx_word' id='word_1_175' title='bbox 440 3277 469 3338; x_wconf 86' lang='lat' dir='ltr'><strong><em>te</em></strong></span> <span class='ocrx_word' id='word_1_176' title='bbox 491 3271 625 3337; x_wconf 81' lang='lat' dir='ltr'><strong><em>elevatas</em></strong></span> <span class='ocrx_word' id='word_1_177' title='bbox 647 3274 675 3337; x_wconf 85' lang='lat' dir='ltr'><strong><em>is</em></strong></span> <span class='ocrx_word' id='word_1_178' title='bbox 696 3278 749 3352; x_wconf 85' lang='lat' dir='ltr'><strong><em>est,</em></strong></span> <span class='ocrx_word' id='word_1_179' title='bbox 780 3275 832 3354; x_wconf 75' lang='lat' dir='ltr'><strong><em>pn·</em></strong></span> <span class='ocrx_word' id='word_1_180' title='bbox 852 3275 938 3339; x_wconf 86' lang='lat' dir='ltr'><strong><em>inlre</em></strong></span> <span class='ocrx_word' id='word_1_181' title='bbox 960 3278 990 3338; x_wconf 88' lang='lat' dir='ltr'><strong><em>te</em></strong></span> <span class='ocrx_word' id='word_1_182' title='bbox 1010 3279 1068 3355; x_wconf 87' lang='lat' dir='ltr'><strong><em>est,</em></strong></span> <span class='ocrx_word' id='word_1_183' title='bbox 1089 3280 1200 3345; x_wconf 80' lang='lat' dir='ltr'><strong><em>salita·</em></strong></span> 
     </span>
    </p>
   </div>
   <div class='ocr_carea' id='block_1_5' title="bbox 0 0 1414 4317">
    <p class='ocr_par' dir='ltr' id='par_1_5' title="bbox 0 0 1414 4317">
     <span class='ocr_line' id='line_1_29' title="bbox 0 0 1414 4317; baseline 0 1"><span class='ocrx_word' id='word_1_184' title='bbox 0 0 1414 4317; x_wconf 95' lang='lat' dir='ltr'><strong><em> </em></strong></span> 
     </span>
    </p>
   </div>
  </div>
 </body>
</html>
