2817 4317
278 557 342 623 204

277 755 337 826 tur,
360 753 395 810 nt
412 746 480 831 jam
503 763 565 809 non
587 745 617 808 in
643 763 703 809 sno
728 762 881 826 corpore,
905 753 942 809 et
957 745 991 809 in
1006 767 1049 811 se
1065 747 1141 811 vive:

274 852 443 933 videatnr3
482 851 539 914 sed
575 850 606 913 in
638 849 768 933 dilecto,
800 856 833 913 et
856 848 1006 916 dilectus
1031 853 1068 916 in
1091 853 1139 936 ips

273 956 346 1019 Hoc
380 955 476 1019 modo
497 950 600 1033 (teste
623 950 803 1037 Dionysio)
827 952 942 1018 divine
966 957 1098 1022 dictum
1131 977 1141 1020 a

274 1058 456 1143 Apostolo:
507 1060 578 1125 Vico
597 1076 652 1139 eoo
669 1062 742 1138 Jom
764 1078 827 1124 non
852 1078 916 1140 coo,
941 1064 1024 1127 cinit
1043 1080 1141 1127 vorot

274 1184 323 1231 mc
347 1168 496 1232 Christus.
541 1164 591 1229 lta
627 1165 712 1227 enim
747 1164 949 1247 cogitatione
976 1173 1017 1229 et
1051 1168 1141 1231 effect

272 1277 344 1334 erat
366 1271 397 1334 in
418 1270 548 1336 Christo
566 1276 598 1332 et
621 1268 742 1334 Christi
766 1288 876 1348 causa,
899 1274 934 1331 nt
949 1286 1072 1333 eorum
1091 1288 1141 1351 qm

274 1374 314 1438 ad
339 1395 397 1437 sua
421 1372 601 1452 commoda,
638 1373 805 1453 honorem,
829 1371 928 1436 vitam
952 1374 1141 1453 pertinet-en

272 1498 407 1561 prorsus
429 1477 601 1542 videretur
625 1477 755 1541 oblitus.
800 1475 905 1541 Simili
927 1476 1080 1557 quodam
1102 1493 1141 1540 m(

270 1583 325 1661 do,
350 1589 384 1644 ut
405 1582 490 1645 idem
514 1580 689 1664 Dionysius
714 1582 768 1662 ait,
801 1581 889 1644 Dens
914 1579 994 1661 ipse
1019 1579 1141 1645 ecstasi

275 1688 435 1770 quandam
454 1708 574 1771 passus
597 1694 665 1770 ost,
698 1708 770 1752 cum
791 1705 875 1769 prae
899 1687 1030 1750 amoris
1054 1688 1088 1750 in
1110 1706 1141 1769 gt

272 1814 332 1858 nus
355 1792 527 1858 humanum
551 1795 781 1878 magnitudine,
796 1794 846 1859 sni
864 1792 1006 1859 honoris
1028 1796 1141 1878 quoda!

272 1883 368 1964 modo
389 1900 518 1980 oblitus,
543 1908 687 1964 nostram
710 1906 856 1964 naturam
873 1906 906 1962 et
922 1898 1083 1964 miserias
1099 1918 1141 1965 snt

271 2004 368 2084 cepit,
391 2010 424 2067 et
447 2010 511 2066 tam
536 2001 672 2085 indigna
695 2008 793 2085 atque
817 2005 940 2068 acerba
962 2004 999 2069 in
1032 2027 1078 2072 ea
1094 2026 1141 2091 pet

270 2106 349 2171 tulit.

311 2212 373 2275 Hic
406 2212 544 2275 effectus
577 2211 755 2276 excellenti
790 2211 887 2277 modo
927 2215 1103 2298 reperitur
1135 2217 1141 2279 i

273 2314 555 2398 contemplativis:
581 2315 629 2379 sic
652 2317 736 2380 enim
759 2316 962 2399 cogitatione
988 2327 1025 2385 et
1049 2322 1141 2387 effect

272 2419 443 2483 trahuntur
475 2419 507 2481 in
529 2419 650 2502 Deum,
683 2425 717 2484 nt
739 2439 758 2482 a
780 2420 900 2503 seipsis
924 2433 1070 2504 exeant,
1094 2426 1141 2490 nil

271 2521 435 2587 derebus
459 2523 529 2586 suis
548 2525 745 2607 cogitantes,
768 2524 845 2587 nihil
868 2525 928 2588 sibi
953 2536 1140 2611 appetente

269 2626 329 2690 nisi
363 2633 522 2708 quatenns
561 2626 602 2690 ad
626 2628 729 2691 Deum
767 2628 801 2691 id
829 2629 991 2711 pertinet,
1026 2635 1141 2719 ejnsqn

272 2730 401 2813 gloriae
434 2731 562 2795 serviro
594 2739 714 2813 potest.
759 2733 873 2814 ltaque
895 2736 1052 2803 omnibns
1078 2758 1140 2824 cog

270 2835 461 2913 tationibns,
496 2836 600 2915 curis,
636 2843 669 2899 et
703 2836 843 2900 motibus
876 2840 1007 2920 proprii
1032 2843 1141 2910 amori

273 2946 425 3021 quantum
448 2942 479 3004 in
503 2940 566 3004 hac
587 2940 718 3005 mortali
737 2941 917 3024 fragilitate
939 2940 1017 3009 fleri
1043 2954 1140 3030 potos

268 3042 397 3124 penitus
421 3042 589 3119 extinctis,
623 3042 685 3105 sibi
718 3043 811 3125 qnasi
844 3046 962 3110 mortni
999 3059 1099 3131 sunt,
1131 3069 1141 3113 t

266 3146 330 3212 soli
349 3146 463 3210 vivunt
481 3144 561 3209 Deo.
606 3145 735 3211 Exuunt
751 3148 850 3211 vitam
867 3149 1056 3237 humanam,
1082 3174 1140 3237 qna

267 3270 326 3315 sna
348 3250 515 3315 dumtaxat
538 3252 663 3332 cogitat
694 3258 727 3313 et
750 3256 875 3332 curat,
893 3258 927 3316 et
948 3253 1141 3322 indnuntvi

264 3361 328 3419 tam
350 3355 508 3437 divinam,
545 3374 628 3439 qnae
652 3363 702 3421 est
725 3358 828 3422 Deum
850 3359 1094 3442 contemplari,
1125 3379 1140 3425 o

262 3460 493 3543 superomnia
526 3461 612 3525 etin
634 3462 780 3527 omnibns
803 3480 916 3526 amare
948 3468 985 3527 et
1008 3462 1141 3531 laudare
