2817 4317
1066 562 1129 630 269

246 753 413 833 sanctitas,
451 759 516 818 tum
538 753 703 832 formatis,
736 758 802 819 tum
835 751 1020 839 objectiva3
1052 755 1124 839 ipse

246 879 305 944 per
327 859 502 923 essentiam
521 876 611 923 snam
634 866 686 923 est
707 877 859 924 mensura
880 861 984 925 omnis
1007 861 1127 926 sancti·

246 965 319 1029 tatis
342 972 375 1028 et
397 983 475 1030 suae
499 971 531 1027 et
561 963 698 1028 omnium
721 961 922 1046 Angelorum
954 984 994 1029 ac
1022 965 1126 1029 homi·

245 1087 335 1133 num:
358 1068 430 1151 ipse
453 1087 512 1150 per
534 1086 675 1132 amorem
710 1068 758 1133 sui
781 1068 960 1133 formaliter
992 1076 1124 1134 sanctus

245 1179 304 1254 est,
327 1180 360 1238 et
383 1173 454 1256 ipsa
477 1172 644 1254 sanctitas,
667 1179 701 1237 et
721 1173 797 1237 fons
819 1172 1010 1239 sanctitatis.

593 1405 781 1486 runcano.
853 1374 856 1379 ’

286 1627 289 1634 .
437 1617 441 1624 ,
493 1537 549 1602 Ad
570 1542 781 1604 sanctitatem
805 1540 877 1603 Dei.
965 1578 967 1582 .
1093 1622 1097 1636 .

459 1673 501 1727 ux
520 1672 569 1730 nu.
587 1676 612 1732 a.
631 1676 663 1729 re
680 1674 792 1744 nessus
811 1643 872 1744 up.
890 1673 958 1729 u'
1117 1649 1123 1661 ·

290 1800 395 1866 Nemo
422 1819 560 1885 nuquam
584 1802 641 1866 tibi
662 1802 727 1865 nisi
749 1821 809 1885 per
831 1802 1032 1882 sanctitatem
1056 1789 1127 1888 pla·

244 1904 331 1985 cait3
366 1923 457 1969 nemo
490 1907 544 1989 qni
568 1927 606 1973 ea
630 1907 800 1990 praeditus
823 1916 856 1969 et
887 1908 1036 1988 ornatus,
1067 1908 1125 1973 tibi

244 2027 385 2091 unquam
416 2010 588 2093 displicuit.
632 2012 724 2077 Haec
745 2011 934 2098 'soiadtics
957 2013 1013 2077 tibi
1036 2013 1125 2092 facit,

244 2121 275 2177 et
294 2114 389 2195 regni
406 2105 582 2197 haeredes3
604 2115 679 2179 huic
701 2116 765 2194 soli,
780 2117 984 2182 consortium
1000 2116 1125 2199 gloriae

244 2225 276 2281 et
308 2215 518 2283 beatitudinis
537 2221 624 2282 'tuae
647 2218 859 2302 promissum,
891 2225 1022 2283 etanta
1045 2228 1126 2283 tem·-

244 2339 324 2405 pcra
347 2321 527 2387 saecularia
552 2329 799 2405 praeparatum
831 2323 874 2388 ad
895 2323 981 2388 hanc
1003 2324 1044 2388 ab
1067 2343 1124 2386 ae·

244 2440 339 2490 terno
363 2445 382 2488 a
406 2435 438 2489 te
459 2426 693 2510 praedestinati
723 2418 831 2498 snmus
860 2431 895 2493 ia
918 2427 1056 2511 Christo,
1093 2434 1127 2494 ct

244 2532 345 2595 simus
368 2534 471 2596 sanati
493 2535 522 2594 et
542 2530 734 2595 immaculati
754 2531 787 2593 ta
810 2536 1071 2612 comparatae,
1094 2538 1127 2595 et

243 2641 379 2699 aeterua
403 2634 604 2712 haereditate
628 2619 727 2715 digni.
771 2685 774 2690 .
821 2634 827 2640 '

287 2738 359 2803 Non
383 2738 574 2819 potentiam,
605 2737 903 2828 uonsapieutiam,
923 2755 999 2816 ¹nau
1024 2738 1127 2822 maje-

243 2844 337 2907 statis
361 2850 437 2907 tuae
460 2842 699 2920 celsitudinem,
730 2841 789 2906 sed
813 2840 1019 2907 sanctitatem
1037 2850 1122 2906 tuam

245 2965 303 3012 uos
324 2946 441 3011 imitari
464 2946 605 3026 voluisti,
628 2964 699 3011 cum
723 2946 772 3011 sic
794 2945 1007 3032 praecepisti:
1045 2946 1124 3011 Sca·

242 3055 284 3117 eti
305 3056 398 3130 cattia,
420 3055 568 3135 queniam
589 3069 644 3133 epu
659 3056 788 3132 sauctus
802 3068 879 3115 sum.
923 3048 1026 3126 Decet
1041 3049 1123 3115 enim

242 3156 347 3240 ipsum
366 3157 518 3239 puritatis
540 3166 573 3230 et
596 3154 778 3232 sanctitatis
801 3153 931 3234 fantem,
952 3153 1038 3218 amni
1063 3173 1122 3236 pn-

242 3259 339 3324 ritate
376 3260 556 3342 puriorem,
590 3260 676 3323 omni
711 3243 884 3323 sadctitate
914 3258 1121 3339 sanctiorem,

243 3366 408 3431 ministros
432 3365 552 3432 habere
584 3371 718 3431 sanctos
750 3371 783 3427 at
813 3365 854 3436 ab
884 3361 970 3427 omni
992 3361 1120 3443 peccati

242 3468 315 3533 labe
338 3467 502 3532 immunes.
547 3466 613 3533 Sed
638 3466 731 3531 unde*
746 3465 849 3547 nubis,
872 3464 927 3560 qui
941 3464 1045 3530 luteas
1064 3463 1123 3529 dc·
