2817 4317
260 568 324 637 310

262 751 456 810 iaculatoriae
478 751 715 823 precatiunculas,
734 754 868 808 fundatae
889 755 914 807 in
935 755 996 809 vita
1014 754 1048 807 il-

333 839 507 907 luminativa,
522 855 575 910 pro
595 839 722 912 generali
742 839 873 894 virtutum
893 846 1047 911 augmento

263 931 319 985 Pro
338 928 456 1000 speciali
476 928 645 982 incremento
664 927 795 982 virtutum
815 928 1047 999 theologicarum

262 1019 320 1073 Pro
349 1015 468 1087 speciali
498 1016 667 1074 incremento
695 1014 827 1071 virtulum
860 1015 1049 1071 cardinalium

591 1146 757 1206 LIBELLUS
775 1148 817 1207 lll.

356 1252 592 1315 considerationes
611 1256 674 1311 viae
692 1256 818 1329 unitivas,
837 1269 890 1329 pro
910 1253 1055 1327 perlectis.

265 1366 315 1423 nui
333 1368 523 1439 praemittitur
542 1370 680 1420 tractatus
699 1367 734 1419 de
754 1365 853 1420 unione
873 1368 1051 1437 contempla-

332 1455 450 1509 tivorum
477 1470 535 1508 cum
555 1453 614 1506 Deo
640 1453 669 1506 in
694 1454 747 1507 hac
770 1454 885 1507 mortali
909 1454 970 1507 vita
997 1471 1051 1525 per

333 1541 555 1598 sublimissimam
589 1541 781 1611 operationem
814 1541 977 1597 intellectus
1018 1548 1049 1596 ct

334 1630 495 1686 voluntatis.
529 1628 569 1681 Ex
589 1629 606 1681 l.
626 1631 650 1685 2.
671 1628 837 1683 desummo
858 1629 941 1684 bono.

262 1717 460 1787 Pracmonitio,
485 1720 520 1773 ad
540 1716 786 1787 contemplationis
809 1718 956 1786 omnisque
981 1734 1051 1788 pcr-

333 1806 464 1861 fectionis
484 1804 624 1862 studiosos
673 1846 1051 1861 .......

263 1896 330 1968 Gan.
349 1897 367 1950 l,
394 1896 464 1949 Tres
478 1894 561 1962 modi,
580 1893 679 1961 quibus
694 1894 768 1948 Deus
783 1894 809 1945 in
824 1894 878 1947 hac
892 1893 953 1950 vita
967 1910 1050 1951 orca·

333 1982 405 2039 turis
424 1984 491 2052 suis,
509 1989 539 2037 el
554 1981 673 2036 maxime
688 1978 776 2051 justis
795 1980 886 2035 unitur
916 2022 923 2034 ,
957 2009 986 2035 ·.
1043 2021 1050 2037 .

264 2075 333 2144 Gap.
351 2073 382 2126 ll.
419 2071 458 2124 De
477 2070 536 2125 alio
554 2069 638 2124 modo
654 2070 771 2139 unionis,
792 2086 846 2138 quo
859 2070 933 2122 Deus
952 2070 980 2123 in
995 2072 1050 2125 hac

333 2161 392 2214 vita
417 2158 556 2213 mentibus
585 2174 653 2212 vere
677 2157 958 2228 contemplativorum
982 2174 1050 2213 con·

328 2245 456 2320 jungitur
492 2287 498 2299 .
552 2287 560 2299 .
611 2315 613 2317 q
613 2285 1049 2301 ........

264 2337 332 2408 Gap.
351 2336 393 2390 lll.
431 2334 576 2401 Quomodo
603 2334 703 2389 modus
730 2335 783 2389 iste
806 2332 915 2390 unionis
939 2334 1049 2388 medius

336 2421 374 2476 sit
393 2421 464 2476 inter
482 2422 611 2476 unionem
631 2438 701 2490 quae
719 2421 753 2476 fit
770 2422 915 2493 ingloria,
935 2439 987 2494 per
1006 2423 1049 2475 vi-

335 2509 440 2562 sionem
460 2515 489 2565 et
507 2525 630 2563 amorem
648 2507 816 2579 beatificum,
836 2514 866 2566 nt
879 2510 954 2565 inter
968 2510 1049 2565 nnio·

335 2613 405 2664 nem,
427 2612 496 2665 quae
515 2592 548 2650 fit
567 2596 594 2651 in
614 2598 668 2652 hac
686 2596 762 2662 vita,
795 2614 855 2652 cum
875 2596 981 2653 auxilio
1002 2613 1049 2652 or·

335 2683 458 2752 dinatio,
482 2689 643 2756 peractum
664 2685 741 2755 lidci,
759 2685 835 2758 spei,
854 2691 883 2741 ct
900 2685 1051 2740 charitatis

263 2772 330 2842 Gap.
350 2773 394 2826 lV.
424 2772 505 2838 Quod
522 2776 590 2827 haec
606 2776 671 2827 nnio
686 2775 969 2846 contemplativorum
986 2790 1048 2829 cum

332 2862 391 2915 Deo
417 2862 555 2916 consistat
579 2863 605 2915 in
630 2863 740 2918 actibus
767 2862 929 2917 intellectus
948 2866 980 2915 et
999 2879 1049 2926 vu·

333 2949 450 3005 luntatis
487 2989 985 3004 .........
1028 2937 1050 3003 ¹.

263 3041 331 3109 (lap.
349 3039 381 3094 V.
416 3040 456 3092 De
475 3054 571 3093 amore
591 3037 886 3110 contemplativorum,
915 3036 981 3106 qnid
1011 3038 1049 3093 sit

263 3125 330 3199 Gap.
348 3128 391 3182 Vl.
427 3128 468 3181 lle
492 3124 639 3182 effectibus
667 3128 771 3188 amoris
803 3125 898 3179 divini.
935 3126 971 3181 lit
991 3128 1051 3198 pri·

332 3233 377 3272 mo
397 3216 505 3285 quidem
524 3217 558 3271 de
578 3218 680 3270 ecstasi
731 3258 737 3270 .
793 3247 820 3268 .·
853 3256 860 3267 .
915 3254 921 3266 .
981 3257 986 3268 .
1043 3256 1050 3269 .

263 3307 331 3377 (lap.
350 3303 408 3358 Vll.
444 3303 484 3356 De
508 3303 631 3357 secundo
658 3300 760 3357 effectu
787 3299 907 3369 amoris,
938 3302 1052 3369 quinat

333 3394 398 3449 unio
416 3392 536 3448 amantis
554 3408 614 3450 cnm
634 3393 755 3463 dilecto,
777 3395 805 3446 el
832 3391 1052 3450 transformatio

335 3483 362 3537 in
381 3482 511 3538 dilectum
548 3520 554 3533 .
609 3519 616 3533 .
671 3520 685 3558 ,ν
731 3519 1051 3535 ......
