2817 4317
536 769 794 835 CONSIDERATIO
819 774 875 834 Xll.

544 910 592 976 De
614 912 776 978 dulcedine
797 910 866 976 Dei.

523 1049 632 1099 Affeclu
657 1050 753 1118 quietis
776 1052 803 1099 in
820 1049 888 1099 Deo.

306 1173 417 1240 Dulcis
440 1172 557 1237 dicitur
581 1173 609 1239 1.
632 1183 792 1255 tamquam
815 1174 889 1237 fons
912 1180 946 1235 et
967 1190 1066 1236 causa
1082 1190 1150 1235 om-

264 1279 317 1342 nis
341 1277 522 1342 dulcedinis
545 1286 608 1341 tam
633 1277 833 1367 corporalis,
865 1296 959 1358 quam
984 1276 1149 1358 spiritalis.

263 1380 426 1463 Quidquid
451 1380 534 1444 enim
558 1380 671 1459 dulce,
701 1400 819 1459 suave,
853 1380 1001 1458 amabile,
1038 1388 1071 1443 et
1089 1380 1147 1444 de·

262 1483 416 1547 lectabile
443 1492 495 1548 est
517 1484 547 1547 in
568 1485 666 1548 rebus
684 1484 815 1560 creatis,
838 1485 878 1547 ab
894 1484 968 1567 ipso
984 1492 1044 1561 est,
1067 1491 1148 1548 tam-

263 1607 358 1670 quam
386 1586 493 1651 tenuis
523 1588 731 1672 participatio
762 1589 941 1652 immensae
966 1586 1051 1650 illius
1076 1586 1148 1650 dul·

263 1689 399 1755 cedimis
439 1754 442 1758 .

282 1762 337 1859 Q.
361 1792 443 1870 Quia
473 1813 538 1857 non
567 1794 671 1859 solum
695 1812 788 1858 omne
811 1792 974 1877 objectum
999 1792 1093 1857 dulce
1117 1804 1150 1855 et

265 1895 463 1961 delectabile
486 1898 527 1960 ab
557 1898 629 1979 ipso
659 1905 729 1978 est,
761 1897 820 1960 sed
845 1897 949 1961 omnis
971 1897 1067 1961 etiam
1091 1895 1149 1958 de·

263 1989 412 2083 lectatio,
440 2004 608 2084 omnisque
637 1985 754 2065 sensus
777 2002 958 2067 dulcedinis
980 2002 1011 2063 in
1035 1996 1150 2082 Ange·
1237 1997 1241 2003 ’

265 2106 319 2184 lis,
340 2105 531 2186 hominibus,
555 2091 596 2170 et¹
609 2104 812 2186 animalibus,
837 2108 877 2166 ab
898 2106 971 2187 ipso
988 2111 1053 2167 est:
1076 2104 1149 2185 ipse

265 2204 348 2274 enim
380 2210 565 2275 facultatem
596 2210 723 2272 animae
747 2206 927 2273 dulcedinis
950 2216 983 2271 et
1007 2207 1150 2271 delecta·

265 2312 364 2377 tionis
393 2331 547 2395 capacem
583 2312 671 2377 finxit
702 2320 734 2378 et
766 2312 932 2394 formavit,
963 2321 997 2377 et
1027 2312 1151 2394 pariter

262 2416 417 2481 formavit
440 2434 533 2481 omne
556 2416 721 2499 objectum
746 2416 948 2498 delectabile,
972 2425 1004 2481 et
1024 2434 1149 2480 ornnem

263 2521 511 2606 proportionem
553 2522 786 2602 congruentiae
820 2529 853 2585 et
890 2521 1150 2601 convenientiae,

265 2643 362 2707 quam
397 2622 560 2706 objectum
592 2625 672 2689 illud
702 2626 802 2689 habet
831 2624 872 2688 ad
907 2625 993 2690 illam
1025 2624 1150 2691 animae

256 2727 463 2807 ‘facultatem
484 2735 517 2793 et
539 2728 633 2792 simul
656 2728 700 2791 illi
725 2735 940 2810 cooperatur,
971 2738 1005 2792 ut
1038 2728 1149 2792 dulce-

266 2830 373 2894 dinem
397 2831 518 2913 objecti
539 2831 710 2914 pereipiat.
754 2830 867 2913 ltaque
889 2831 960 2913 ipse
981 2841 1033 2896 est
1051 2852 1151 2908 causa

265 2933 370 3000 omnia
393 2933 629 3002 delectationis.
869 3013 874 3021 ι

310 3037 341 3103 3.
366 3037 446 3114 Quia
469 3038 502 3101 in
520 3040 595 3121 ipso
611 3046 661 3103 est
676 3048 810 3103 aeterna
825 3046 857 3102 et
873 3039 995 3103 infinita
1012 3039 1149 3105 dulcedo

266 3142 405 3206 omnium
422 3143 588 3207 beatorum
612 3142 799 3224 spirituum,
822 3152 855 3205 et
874 3144 1011 3206 omnium
1028 3144 1150 3207 animn-

267 3263 337 3309 rum
348 3245 526 3325 beatorum,
535 3245 635 3328 idque
648 3247 769 3327 duplici
781 3248 920 3311 ratione:
933 3269 1047 3330 nempe
1057 3248 1151 3332 obje-

268 3348 371 3426 ctive,
405 3356 438 3411 et
469 3349 630 3413 effective.
676 3347 863 3432 Objective,
899 3361 1054 3432 quatenus
1077 3352 1150 3434 ipso

266 3451 405 3548 fruendo
429 3460 462 3515 et
480 3452 658 3535 gustando,
687 3470 809 3518 summo
832 3454 952 3536 gaudio
981 3456 1039 3520 toti
1074 3477 1149 3539 per·
