2817 4317
554 825 557 830 »
598 777 707 851 noxio
729 782 935 868 contritionis„
969 754 971 757 ⁵

555 911 557 916 ’
595 923 727 986 Peccato‘
746 924 935 1011 indiffinitae.

312 1067 315 1110 ῑ
370 1054 400 1122 0»
420 1045 567 1141 Domine,
589 1058 677 1142 Dens
708 1063 815 1125 mens!
861 1060 1083 1151 osannam,
1110 1072 1210 1130 aeter·

324 1180 414 1243 num,
446 1163 480 1227 et
502 1164 687 1227 immensum
711 1166 828 1229 bonnm
853 1184 972 1247 meum,
1004 1165 1145 1266 infinite.
1162 1191 1208 1235 sn·

325 1287 386 1350 pra
422 1268 527 1333 omnia
567 1270 652 1332 bona
686 1268 865 1333 elevatum!
924 1270 1045 1338 Doleo.
1066 1293 1115 1339 ex
1149 1283 1208 1341 coc

193 1419 198 1428 ,
285 1453 291 1464 .
326 1378 449 1452 monte,
481 1391 523 1435 ex
547 1371 749 1455 totocorde,
771 1381 811 1437 ex
834 1375 1043 1456 totnonimn,
1066 1397 1114 1442 ex
1138 1378 1207 1444 coos

326 1476 450 1540 viribus
484 1475 583 1557 meis,
618 1476 704 1556 qnod
740 1476 972 1543 sanctissimam
1009 1480 1208 1548 voluntatem

329 1589 432 1661 tuom,
464 1580 551 1662 qnod
582 1579 779 1664 nequissime
810 1590 989 1665 praecepta
1024 1590 1102 1667 tue,
1135 1605 1208 1671 quoe

329 1685 449 1750 infinite
485 1683 675 1765 aestimare,
707 1691 740 1748 ot
771 1685 917 1749 omnibus
949 1686 1045 1751 bonis
1082 1692 1209 1770 ereooo

329 1790 475 1853 omnibns
497 1788 719 1871 voluptatibus
735 1795 768 1851 et
791 1788 966 1854 honoribus
982 1789 1112 1857 intinit'e
1128 1801 1209 1860 enn-

305 1913 450 1978 sponere
473 1895 648 1974 debebam,
668 1892 766 1957 toties
791 1891 991 1973 violaverim,
1013 1896 1119 1963 toties
1143 1918 1209 1984 par·

330 1999 529 2081 vipenderim
552 2004 584 2059 et
607 1997 872 2078 contempserim
905 1990 1210 2085 etconsequentcr,

330 2104 415 2185 quod
439 2111 524 2165 tuem
558 2099 710 2168 infinitam
739 2098 957 2185 majestatem,
981 2100 1045 2181 'illa
1067 2107 1210 2173 severis·

332 2208 411 2270 sime
433 2204 704 2288 praecipientem,
737 2202 860 2268 infinito
879 2222 1006 2286 amore,
1030 2207 1211 2277 honorent

331 2309 489 2391 obsequio
512 2308 749 2393 dignissimam,
772 2326 866 2389 quem
888 2307 1008 2374 infinite
1032 2315 1210 2397 suspioem

332 2412 506 2477 aestimare
529 2420 563 2476 et
578 2411 731 2475 revereri
753 2410 921 2495 debebam,
942 2414 1041 2478 toties
1054 2418 1211 2485 voffendo·

280 2506 283 2511 ’
331 2517 409 2599 rim,
440 2517 537 2586 toties
561 2515 808 2598 contempserim
832 2525 864 2581 et
886 2517 1003 2602 injurie
1026 2522 1212 2591 effecerim:

333 2620 419 2704 qnod
444 2620 695 2704 contempserim
719 2627 805 2684 tuem
828 2623 1107 2709 omnipotentiam,
1133 2637 1211 2696 tnen

331 2728 533 2809 sapientiem,
551 2733 588 2818 et
602 2725 836 2811 praesentiam
860 2729 1116 2811 contempserim
1133 2742 1212 2799 tucn

330 2831 586 2897 misericordiam
607 2828 827 2914 otjustitiem,
848 2829 953 2895 omnio
976 2838 1032 2896 tna
1055 2834 1213 2904 beneficio

329 2942 364 2999 et
392 2918 569 3017 promisso,
599 2950 711 3016 omnes
741 2941 825 2999 tues·
841 2936 941 2998 minos
976 2943 1008 2999 et
1038 2943 1213 3025 supplicio,

331 3045 415 3102 tuem
439 3038 609 3102 amicitiam
639 3045 672 3103 ct
693 3038 950 3121 benignitatem·
973 3046 1059 3105 tnnno
1083 3046 1212 3126 pensio·

328 3160 400 3206 nem
424 3148 459 3206 et
480 3148 620 3206 mortem.
1011 3150 1014 3153 ’
