2817 4317
580 788 662 842 Abla
683 787 867 842 sancasio.
982 802 985 812 ·

276 959 333 1022 At
361 956 515 1033 eundem,
546 977 606 1042 per
639 950 872 1032 Sacramenta,
902 953 991 1017 velut
1025 978 1158 1019 sarisam
1189 973 1191 978 ·

320 1048 610 1140 instrumentalem,
640 1073 774 1143 nestrae
796 1060 919 1125 salutis
942 1074 1116 1126 auctorent.

494 1198 535 1251 Ex
554 1196 602 1249 lib.
621 1196 646 1250 8.
665 1197 697 1249 de
716 1196 826 1277 [ξενίαι
846 1210 905 1264 sap.
924 1198 948 1250 l.

321 1363 346 1426 0
370 1360 682 1451 sapientissisimus,
709 1365 821 1441 juncta
850 1361 978 1452 bonitati
1000 1361 1160 1441 infinitae!

228 1454 233 1462 ’
277 1469 352 1550 quia
377 1465 472 1529 rudes
495 1484 613 1546 sumus,
636 1464 784 1529 sensibus
808 1463 924 1545 dediti,
950 1466 1157 1531 sensibilibus
1234 1484 1240 1492 ’

277 1569 432 1647 immersi,
465 1567 596 1633 ruditati
628 1576 763 1631 nostrae
785 1575 817 1633 te
840 1570 1064 1647 accommoda,
1098 1592 1157 1653 per

277 1674 441 1738 sensibilia
464 1691 524 1737 nos
547 1672 768 1753 sanctificans,
801 1681 833 1737 et
865 1656 1014 1739 eentaetu
1039 1693 1158 1758 eorpo-

276 1799 333 1848 τοο
357 1779 506 1863 spiritum
529 1760 617 1842 tunm
635 1785 669 1840 et
691 1777 852 1861 spiritalia
877 1777 961 1842 dona
978 1765 1157 1848 infundens.

276 1869 476 1965 stupendum
501 1901 636 1965 prorius
660 1881 829 1946 eonsilium
853 1882 1035 1964 sapientiae
1051 1892 1157 1974 aeter·

274 2008 352 2069 nae,
385 1988 550 2069 signorum
584 1984 782 2057 sensibilium
806 1994 975 2065 contactu,
1010 1986 1064 2049 vel
1086 1975 1158 2069 usu,
1205 1992 1209 1996 ’

276 2111 335 2155 nos
358 2109 398 2155 ex
424 2087 498 2152 filiis
517 2088 586 2152 irae
609 2086 693 2153 effici
717 2089 803 2153 lilios
826 2088 901 2171 Dei,
926 2090 1085 2154 haeredes
1111 2092 1159 2154 vi·

275 2206 328 2258 tae
359 2199 527 2271 aeternae,
562 2200 732 2257 consortes
764 2193 894 2257 divinae
923 2193 1067 2282 gloriae:
1104 2195 1159 2277 qni

275 2306 350 2362 ante
372 2315 499 2360 eramus
523 2296 609 2359 omni
628 2296 817 2361 confusione
841 2303 874 2382 et
897 2308 999 2363 morte
1022 2307 1157 2363 aeterna
1195 2315 1199 2321 ’

275 2400 378 2482 digni!
425 2401 506 2464 illisa
530 2400 715 2482 benignitas
746 2409 779 2465 et
802 2400 958 2484 dignatio,
981 2424 1048 2467 rem
1071 2405 1157 2469 adeo

232 2529 234 2539 ¹
277 2504 439 2569 excelsam
472 2512 503 2567 et
523 2504 662 2567 divinam
693 2503 773 2588 (per
802 2527 895 2588 qaam
931 2508 999 2572 Deo
1033 2509 1157 2572 similes
1212 2575 1217 2587 ,

275 2608 448 2683 elfieim'ur,
483 2608 553 2672 sine
585 2624 649 2689 qua·
669 2609 699 2671 ei
723 2609 856 2691 plaeere
879 2627 939 2673 non
964 2609 1156 2696 possumus)

274 2713 416 2778 conferri
440 2712 537 2798 mod‘o
551 2718 615 2775 tam
638 2712 756 2793 humili,
780 2732 839 2795 per
859 2713 1069 2778 instrumenta
1092 2722 1157 2778 tam

277 2818 368 2897 vitia,
392 2817 479 2881 nullo
504 2817 555 2880 vel
588 2814 716 2881 modion
737 2824 849 2881 nostro
881 2818 996 2881 labore
1022 2825 1078 2881 aut
1100 2837 1157 2881 ea·

273 2924 369 2986 natu!
423 2919 511 2984 Vere
542 2920 706 3002 saeculum
738 2939 885 2997 aureum,
923 2927 956 2983 et
979 2923 1158 2998 ¹saeculum

274 3028 400 3110 gratiae
424 3034 474 3089 est
497 3033 621 3107 tempus
645 3021 733 3088 istud
756 3024 835 3087 navi
857 3025 1069 3109 Testamenti,
1095 3047 1158 3109 quo

274 3140 383 3200 tantae
400 3129 539 3193 vdivitiae
564 3127 755 3214 caelestes,
775 3138 864 3191 tanta
885 3132 1042 3195 bonarum
1076 3132 1158 3194 divi-

275 3253 388 3299 norum
413 3227 509 3317 eopia
541 3232 684 3297 cernitur
708 3232 738 3296 in
757 3233 883 3312 terris,
901 3243 1053 3317 tantaque
1076 3236 1157 3316 laei-

274 3340 612 3422 litateeomparatur.
664 3336 754 3401 Vere
787 3357 870 3419 nune
903 3339 1046 3404 melliflui
1079 3341 1156 3405 faeti

271 3453 345 3508 sunt
376 3444 478 3524 coeli,
510 3448 543 3507 et
572 3448 695 3512 montes
729 3440 851 3505 stillant
874 3442 1094 3522 dulcedinem,
1124 3440 1156 3509 et
