2817 4317
263 530 307 600 96

265 741 305 789 ue
325 726 500 805 impeteret,
525 725 687 804 proteuistt
707 738 763 787 me.
797 717 837 787 la
854 722 974 788 seelera
997 728 1151 805 enormia,

268 834 302 895 iu
336 826 456 910 {lopitio
498 826 626 907 infinito·
646 828 807 909 lapsurus
843 846 947 892 erum:
984 848 1026 893 ue
1060 833 1152 896 code·

264 949 345 1010 rem,
381 932 543 1013 proteotsti
574 947 631 995 me.
675 929 762 995 ileu!
794 934 913 1013 quoties
939 940 1088 1014 peeeuot,
1126 940 1152 999 et

159 1038 163 1045 '
265 1036 382 1101 molum
424 1051 530 1099 eoram
569 1038 601 1098 te
626 1032 706 1116 feeit
763 1036 811 1100 Ne
841 1040 978 1118 percutis
1015 1045 1151 1124 peceato

265 1141 472 1219 cumularem,
510 1140 675 1219 protexisti
714 1156 772 1203 me.
838 1141 978 1222 tomjom
1004 1139 1152 1207 bostium

266 1249 389 1310 morum
424 1242 545 1325 proedo
571 1239 695 1331 futurus
724 1259 811 1307 arom
854 1247 884 1309 et
917 1242 1073 1328 pabulum
1106 1250 1150 1327 ip·

263 1347 471 1414 ais-oeterni:
501 1344 556 1408 sed
576 1360 616 1409 ue
635 1342 754 1423 fierem,
774 1350 937 1427 protexisti
961 1364 1021 1413 me.
1072 1350 1151 1431 Quid

264 1449 426 1533 superest?
471 1447 582 1529 Perua,
614 1451 658 1512 mi
686 1448 830 1529 Domine,
864 1451 1019 1516 custodire
1044 1471 1099 1518 me
1120 1460 1152 1518 ut

262 1556 412 1639 pupillam
442 1554 536 1632 oculi,
571 1557 602 1619 et
627 1552 684 1617 sub
713 1554 837 1620 olorum
870 1558 996 1618 tuorum
1034 1556 1149 1621 amira

259 1664 427 1743 prorepere.
1084 1739 1086 1743 .

271 1801 272 1805 =
306 1765 392 1831 Nibil
415 1779 494 1827 saue
510 1768 660 1845 exparte
679 1769 734 1826 tua
753 1759 845 1823 uobis
862 1758 973 1840 deest3
996 1758 1084 1823 nihil
1101 1767 1149 1851 esi

264 1888 322 1935 eur
334 1865 545 1932 firmissimam
559 1871 592 1929 et
602 1863 814 1929 certissimam
827 1880 919 1944 spem
933 1861 1040 1927 iutuo
1058 1867 1149 1930 auxi·

268 1977 313 2041 lio
337 1961 501 2040 eolloeare
519 1974 582 2033 nou
606 1955 801 2034 debeamus:
832 1974 901 2031 tota
923 1966 1100 2052 dubitatio,
1120 1977 1150 2034 ei

264 2087 399 2146 eventus
422 2074 614 2156 ambiguitas
637 2082 688 2138 est
710 2094 751 2137 ex
766 2079 861 2169 parte
876 2078 999 2136 nostra.
1031 2070 1148 2157 Longa

264 2184 396 2250 felicior
417 2187 467 2245 esi
486 2179 626 2245 conditio
650 2184 782 2259 uestra,
814 2170 909 2260 quam
944 2176 973 2239 si
1007 2171 1068 2257 (ut
1092 2178 1148 2241 iui-

263 2288 337 2354 miei
370 2287 495 2370 gratiae
525 2290 599 2349 tuae
632 2277 806 2363 volebant)
845 2287 980 2345 naturae
1017 2282 1147 2349 viribm

264 2393 370 2459 omniu
392 2394 562 2473 praestare
585 2401 775 2470 possemus,
804 2393 837 2449 et
869 2387 962 2451 bisee
985 2385 1075 2452 solis
1099 2407 1146 2451 re·

264 2496 332 2563 lieti
361 2493 516 2559 essemus.
559 2490 653 2557 Nune
684 2495 767 2558 enim
803 2515 865 2562 non
898 2495 1002 2562 solum
1032 2503 1147 2565 nostra

155 2616 158 2625 '
263 2602 431 2683 industria,
454 2600 514 2665 ‘sed
539 2601 634 2664 etiam
661 2609 715 2666 tua
739 2599 912 2682 singularis
930 2598 1146 2683 providentia

262 2709 296 2773 iu
328 2695 463 2771 salutem
492 2712 634 2770 nostram
661 2707 810 2770 excubat.
852 2702 942 2766 llaee
972 2709 1146 2786 torpentes

263 2812 401 2891 excitat,
432 2808 583 2891 jacentes
606 2809 718 2891 erigit,
746 2809 892 2874 labantes
914 2807 1052 2890 retinet,
1077 2810 1146 2874 luu-

263 2920 399 2999 gueutes
416 2914 616 2993 corroborat,
634 2912 844 2994 proficientes
859 2912 986 2994 animat,
1006 2921 1043 2977 et
1061 2915 1145 2979 mille

263 3019 365 3086 modis
384 3017 426 3081 ad
449 3016 584 3079 salutem
608 3014 716 3099 dirigit
742 3037 782 3083 ae
803 3016 947 3101 impellit.
993 3016 1143 3105 lienique

187 3193 197 3208 ,
261 3130 382 3189 tautum
393 3123 527 3206 praebet
537 3120 590 3184 vel
605 3122 699 3186 offert
715 3123 834 3205 auxilii,
852 3127 885 3186 ut
896 3120 1085 3189 omniasiut
1098 3125 1143 3189 lu·

230 3309 232 3319 γ
262 3229 375 3295 uiliora
398 3233 431 3290 et
452 3225 558 3307 magis
581 3225 732 3307 expedita
759 3244 820 3307 per
850 3224 1008 3307 gratiam,
1047 3246 1142 3311 quum

261 3333 307 3398 illi
329 3330 485 3397 haeretiei
509 3348 549 3392 ea
566 3328 719 3394 volebant
737 3348 812 3393 esse
834 3349 895 3412 per
917 3335 1084 3399 naturam.

305 3438 456 3505 Dominus
478 3452 554 3519 spes
579 3453 667 3512 mem·
695 3448 784 3518 ouem
803 3434 941 3499 timebo?
963 3467 965 3471 ·
987 3434 1140 3505 Dominus
