2817 4317
1085 554 1149 636 aun

260 747 399 811 amantis
439 765 509 812 cum
534 753 660 826 amato,
694 746 738 810 ad
767 767 862 830 quam
881 766 972 812 amor
1004 748 1151 831 impellit,

263 851 441 915 continent.
487 850 580 927 Quod
613 852 642 914 si
676 852 784 932 reipsa
817 845 928 916 amans
959 860 1067 917 amato
1090 854 1149 917 ad·

264 975 340 1019 esse
360 965 510 1038 nequeat,
535 956 649 1019 saltem
674 955 770 1019 adest
792 956 992 1037 cogitatione
1014 964 1047 1021 et
1069 958 1148 1021 ima·

264 1060 446 1143 ginatione‚
470 1068 503 1123 et
526 1062 589 1125 huc
612 1060 709 1125 modo
745 1060 790 1123 illi
815 1060 930 1126 unitur.
977 1062 1095 1138 Tertio,
1117 1064 1149 1126 in

263 1183 374 1229 amore
408 1166 565 1229 honestae
599 1164 772 1229 amicitiae.
815 1162 923 1229 Amici
944 1166 1026 1230 enim
1047 1166 1149 1230 liben-

265 1268 390 1332 tissime
412 1267 508 1332 simul
530 1276 613 1351 sunt,
646 1276 678 1332 et
711 1277 819 1334 mutuo
841 1270 991 1335 fruuntur
1012 1280 1151 1353 aspectu

265 1382 298 1435 et
321 1373 501 1453 colloquio,
532 1391 643 1438 amore
676 1391 734 1437 eos
758 1374 918 1455 utrimque
941 1373 981 1436 ad
1006 1372 1069 1437 hoc
1091 1375 1150 1438 im·

268 1476 433 1561 pellente3
467 1485 499 1539 et
528 1483 664 1558 uterque
696 1478 831 1541 alterius
863 1478 992 1559 negotia
1014 1497 1073 1543 sua
1097 1500 1149 1545 re·

264 1586 368 1663 putat,
389 1578 480 1659 qnasi
501 1584 637 1659 uterque
654 1578 685 1641 in
695 1579 835 1651 alterum
852 1581 1026 1645 transierit.
1058 1582 1151 1647 Unde

263 1683 388 1748 amicus
411 1683 497 1747 Alter
520 1701 574 1763 eqo
608 1681 671 1745 dici
708 1685 803 1747 solet.
848 1684 936 1749 ldem
959 1686 1086 1749 omnino
1115 1686 1152 1750 fit

262 1791 297 1853 in
327 1804 437 1851 amore
469 1785 545 1862 Dei,
575 1787 628 1867 qui
659 1786 701 1852 ad
733 1789 970 1870 quincuplicem
1001 1791 1150 1856 unionem

261 1892 381 1959 ordine
413 1888 552 1971 quodam
582 1891 727 1973 impellit.
783 1892 852 1955 Nos
885 1891 916 1954 in
947 1892 1010 1956 hoc
1043 1894 1149 1975 capite

259 1996 304 2062 de
329 1995 433 2059 tribus
456 1994 619 2076 prioribus
643 1995 827 2074 unionibus,
865 1996 897 2058 in
926 1996 1077 2077 sequenti
1107 1998 1150 2061 de

259 2100 388 2165 duabus
412 2079 649 2181 aliis'agemus.

305 2202 360 2268 Ac
381 2204 484 2286 primo
508 2201 634 2285 quidem
670 2221 762 2267 arnor
784 2203 846 2269 Dei
877 2203 1011 2287 impellit
1042 2205 1145 2270 homi·

259 2306 390 2372 cenred
414 2310 560 2372 unionem
572 2324 629 2388 per
651 2308 796 2372 crebrum
818 2311 1052 2391 capitationem:
1075 2328 1146 2373 curn

259 2413 346 2476 euim
370 2410 457 2473 illum
473 2418 678 2492 praesentem
699 2410 821 2474 habere
836 2420 986 2493 nequeat,
1007 2412 1150 2494 assidue,

260 2521 415 2597 quantum
452 2513 521 2577 fieri
560 2520 684 2596 potest,
728 2514 926 2597 cogitatione
963 2516 1008 2579 illi
1045 2516 1149 2581 adest.

259 2617 357 2686 Unde
381 2618 434 2700 qui
456 2636 531 2682 raro
561 2617 603 2681 de
632 2616 703 2681 Deo
740 2619 903 2699 cogitant,
937 2638 1042 2702 neque
1079 2640 1150 2684 eum

259 2722 380 2805 ubique
399 2728 606 2806 praesentem
630 2721 856 2802 considerant,
879 2741 918 2786 eu
942 2723 1016 2804 ipso
1040 2731 1150 2787 osten·

259 2827 360 2906 dunt,
387 2846 424 2891 se
445 2828 477 2890 in
500 2845 610 2891 amore
633 2825 705 2910 ejus
730 2846 843 2909 parum
865 2847 941 2892 esse
967 2829 1148 2893 ferventes:

261 2933 400 2997 fervens
432 2931 515 3002 enim
545 2950 636 2995 amor
669 2940 768 2996 totam
790 2931 1020 3013 cogitationem
1044 2933 1075 2996 in
1099 2931 1147 2996 di·

259 3035 384 3099 lectum
420 3034 535 3115 trahit3
567 3043 603 3098 ut
637 3036 734 3100 etiam
765 3037 795 3097 in
829 3036 869 3098 iis
902 3036 954 3117 qui
979 3036 1152 3099 carnaliter

260 3147 379 3217 amant,
402 3139 605 3204 manifestum
628 3147 687 3203 est.
734 3140 791 3204 llis
815 3140 897 3203 enim
919 3142 1052 3218 species
1075 3160 1151 3222 per-

261 3262 367 3308 sonae
391 3244 531 3309 dilectae
555 3263 686 3326 semper
710 3245 751 3307 ob
771 3244 884 3308 oculos
908 3252 1076 3321 versatur,
1110 3263 1150 3309 ac

261 3348 461 3430 cogitatione
482 3368 613 3431 semper
637 3348 684 3411 illi
708 3347 842 3411 adsunt:
866 3355 901 3410 nt
921 3365 1003 3415 uere
1028 3344 1147 3411 dictum

261 3450 328 3532 sit,
353 3450 491 3515 unimam
520 3450 625 3533 magis
657 3470 733 3513 esse
761 3452 814 3516 ubi
839 3457 943 3531 amat,
979 3450 1151 3543 quamnbi
