2817 4317
497 843 753 906 consromlnc
778 812 847 907 ιν(
931 838 936 845 ’

472 1065 474 1069 .
503 1001 549 1065 ue
570 1000 722 1081 infinitate
745 961 836 1066 lici.x

282 1159 390 1216 Allectu
409 1159 653 1225 congratulationis,
672 1164 698 1208 cl
717 1160 808 1226 gaudii
828 1159 861 1206 dc
880 1157 955 1207 bonis
975 1157 1034 1207 lici.

261 1301 351 1364 Deus
371 1281 497 1363 ratione
521 1300 682 1365 essentiae
705 1307 755 1363 est
777 1299 931 1379 infinitate,
960 1317 1023 1362 non
1043 1316 1098 1362 so·

215 1406 282 1469 lum
306 1405 335 1467 in
359 1405 469 1487 aliquo
493 1423 614 1485 genere
633 1403 859 1485 perfectionis,
895 1409 930 1465 nt
962 1401 992 1476 in
1021 1400 1098 1464 rati·

216 1529 281 1574 one
305 1510 481 1592 potentiae,
498 1491 694 1590 sapientiae,
718 1506 914 1583 sanctitatis,
942 1504 1099 1589 justitiae,
1173 1521 1179 1533 ’

215 1596 470 1691 misericordiae,
493 1614 554 1678 etc.
579 1612 637 1675 sed
662 1612 800 1677 obsolute
824 1613 855 1674 in
878 1611 962 1674 omni
977 1629 1099 1693 genere

218 1717 451 1801 perfectionis3
486 1725 582 1800 atque
605 1717 689 1781 adeo
714 1718 837 1780 intuto
858 1736 980 1799 genere
1004 1714 1097 1778 entis.

218 1822 244 1886 1.
268 1822 441 1904 Tamquam
466 1841 564 1887 causa
589 1820 761 1900 foecunda,
783 1822 814 1883 in
837 1827 988 1904 quaqtote
1013 1819 1097 1884 entis
1158 1853 1160 1860 ·

215 1924 390 2007 amplitudo
415 1915 518 2008 (qnae
540 1924 682 1988 infinitas
698 1924 836 1987 omnium
853 1942 1008 2004 generum
1022 1942 1098 2004 spe.-

215 2030 304 2107 oieS,
338 2035 371 2094 et
404 2028 607 2110 singularum,
632 2028 815 2109 specierum
838 2027 959 2090 inlicita
979 2026 1097 2090 indivi-

217 2133 282 2197 dua
306 2130 554 2215 complectitur)
579 2133 756 2197 eminenter
778 2130 903 2209 existit,
926 2147 965 2193 ao
988 2130 1098 2211 proin-

216 2238 257 2310 de
281 2255 374 2300 0mne
393 2237 436 2318 id,
458 2238 543 2320 quod
554 2228 723 2301 intellectu
740 2235 901 2317 angelico,
926 2234 979 2315 vel
1001 2235 1097 2297 etiam
1198 2273 1200 2278 ι

216 2342 325 2405 divino
350 2362 410 2422 per
432 2342 660 2432 modumontis
684 2342 812 2422 concipi
837 2346 956 2421 potest.
1001 2337 1097 2403 Unde

215 2466 234 2509 a
257 2444 293 2509 S.
318 2444 480 2527 Gregorio
508 2445 715 2510 Nazianzeno
752 2447 849 2508 lleus*
872 2445 990 2517 dicitur
1023 2463 1098 2507 esse

214 2551 351 2633 pelanus
366 2554 516 2615 essentiae
537 2542 729 2627 intuentum.
775 2550 821 2612 lbi
841 2548 954 2611 infiniti
980 2548 1099 2628 mundi,
1184 2548 1186 2551 ’

215 2654 357 2728 inlicitae
380 2655 509 2737 species
531 2651 732 2736 Angelorum
768 2654 837 2715 sine
874 2651 937 2715 line
971 2648 1097 2715 sursum

216 2758 466 2839 excurrentium,
490 2757 632 2821 infinitae
656 2758 805 2821 nationes
823 2757 1027 2837 populorum,
1049 2756 1097 2817 in-

217 2852 326 2926 finitae
350 2861 478 2943 species
501 2861 700 2939 animalium,
733 2861 875 2925 infinitae
905 2861 1035 2942 species
1059 2859 1099 2924 ec
1173 2856 1174 2859 ’

174 3020 176 3025 .
218 2966 595 3047 varietates'plantarom,
613 2964 825 3055 metallorum,
841 2964 992 3047 lapidum,
1008 2984 1097 3046 gem·

217 3090 347 3149 marum,
372 3069 524 3133 infinitum
548 3089 659 3133 aurum
684 3078 718 3132 et
740 3078 924 3149 argentum,
955 3067 1098 3140 infinitae

217 3175 444 3258 magnitudinis
477 3175 609 3244 uniones
646 3179 680 3236 et
717 3171 818 3238 omnis
852 3171 984 3253 generis
1016 3170 1099 3252 lapi·

217 3280 277 3342 des
316 3280 467 3360 pretiosi,
504 3278 645 3343 inlicitae
683 3276 812 3357 species
850 3277 1013 3356 colorum,
1050 3276 1098 3357 pi·

221 3390 395 3464 cturarum,
419 3382 692 3467 symphoniarum,
717 3381 862 3458 odorum,
893 3398 1044 3462 saporum
1068 3387 1099 3442 et

218 3487 454 3552 delectabilium
488 3488 595 3553 carnis
636 3506 819 3570 sensusque
846 3483 1008 3566 tangendi.
1052 3482 1100 3548 lbi
