2817 4317
261 546 334 616 26.

263 757 334 803 nem
355 738 499 802 formans
521 736 757 803 informitatem.
795 737 844 802 'ln
872 755 933 820 per
954 742 987 802 te
1010 737 1146 820 pertae-

265 848 332 921 ωε,
362 849 395 905 et
418 842 638 924 supertectus,
662 847 791 907 etanta
814 841 996 925 perlectus,
1019 859 1147 905 omnem

263 945 497 1030 perfectionem
528 954 560 1011 et
591 946 815 1013 exoellentiam
852 944 990 1029 simplici
1026 944 1149 1010 unitate

263 1050 479 1135 praehabens.
540 1049 542 1052 ’

307 1154 355 1219 'ln
386 1154 459 1219 sine
492 1154 670 1237 quantitate
704 1172 862 1237 magnus,
891 1152 962 1217 sine
994 1150 1152 1234 qualitate

263 1262 380 1341 bonus,
403 1258 474 1323 aine
497 1276 631 1324 numero
648 1258 798 1341 infinitus,
821 1258 892 1322 sine
908 1257 1012 1339 ligura
1026 1256 1151 1320 formo-

264 1384 331 1447 sus,
353 1363 422 1428 sine
436 1367 582 1445 tempore
601 1369 764 1446 aeternus,
786 1362 855 1427 sina
878 1362 951 1429 loeo
965 1362 1150 1441 immensus,

264 1469 334 1533 nine
355 1466 546 1533 extensione
569 1465 714 1550 diffusus,
737 1467 809 1533 aine
822 1465 1057 1551 multiplicitate
1073 1486 1150 1551 pen·

160 1578 164 1586 '
264 1574 385 1653 tectus,
414 1571 484 1637 sine
509 1571 572 1635 situ
598 1569 782 1638 altissimus.
825 1571 874 1635 'ln
901 1578 1045 1637 centrum
1076 1571 1151 1635 uni·

266 1677 371 1758 versi,
399 1676 441 1740 ad
465 1676 552 1759 quod
576 1677 681 1742 omnia
705 1675 888 1759 quiescunt,
911 1694 931 1739 a
954 1692 1018 1758 quo
1042 1674 1152 1739 omnia

265 1787 493 1847 sustentantur.
538 1780 574 1846 ln
597 1787 629 1846 te
652 1781 754 1847 omnis
777 1781 895 1845 annonis
918 1779 1057 1859 illiciam,
1081 1797 1151 1844 om·

269 1886 319 1951 nis
343 1884 497 1949 desiderii
525 1887 765 1965 consummatio,
790 1886 892 1952 omnis
914 1882 1065 1949 motionis
1084 1890 1153 1948 ter·

266 1992 377 2070 minua,
401 1991 502 2057 omnis
525 1989 689 2077 appetitus
712 1990 856 2055 satiatae.

309 2088 395 2161 llaec
415 2098 460 2161 tta
483 2113 551 2161 erse
580 2098 753 2162 certissima
773 2094 834 2176 fide
855 2092 961 2172 credo,
990 2098 1021 2157 et
1041 2094 1152 2158 atmo-

267 2200 339 2266 clnm
360 2202 480 2282 pendeo
502 2200 602 2265 Deam
624 2218 726 2266 meam
748 2200 943 2278 tatemerem
965 2201 993 2262 et
1015 2200 1060 2261 ita
1081 2214 1152 2263 esee

266 2321 374 2370 ceram
396 2308 457 2369 toto
479 2304 553 2370 orte
571 2303 727 2386 profiteor.

368 2490 461 2545 Medae
479 2490 578 2560 tependr'
596 2492 662 2546 lanc
678 2490 862 2559 precationem,
881 2492 907 2543 et
922 2491 1061 2559 sequentes.

312 2616 407 2683 Nota.
435 2619 516 2700 Qnia
544 2620 621 2684 laec
650 2620 797 2698 precatio,
828 2620 857 2681 et
883 2615 1037 2697 reltpnae,
1070 2632 1152 2695 naas

265 2739 324 2805 per
347 2724 513 2790 intervalla
538 2726 718 2799 interimar,
744 2725 818 2784 rant
841 2719 953 2801 plenae
980 2735 1090 2798 sacco,
1123 2724 1155 2785 et

267 2831 423 2894 continent
451 2828 616 2894 medellam
645 2842 767 2903 rernm,
798 2842 878 2907 qnae
910 2829 971 2888 tnta
1002 2822 1080 2888 titre
1113 2825 1154 2889 de

269 2932 401 3014 naalitet
434 2931 621 3014 perfectione
656 2930 695 2995 at
729 2935 856 2995 anctore
886 2932 1037 2993 tractatae
1068 2934 1153 3009 mat,

267 3037 394 3117 ideoque
410 3028 888 3120 „Recallectienerprecatoriae“
902 3032 941 3097 al
953 3032 1057 3097 eodem
1068 3050 1154 3098 nan·

267 3146 435 3221 capantnr,
465 3139 586 3221 ecpedtt
607 3143 722 3203 attente
742 3138 912 3220 pertenere,
942 3141 972 3201 et
992 3152 1154 3217 usurpare

267 3246 391 3310 medam
416 3244 542 3322 maneti,
575 3248 628 3325 qai
654 3242 690 3324 fit
719 3259 776 3324 per
805 3241 962 3323 quandam
989 3258 1100 3305 nocam
1124 3248 1154 3307 at

265 3350 438 3431 temporem
459 3349 796 3413 commensurationem.
831 3345 879 3410 De
899 3346 956 3410 lac
977 3348 1024 3411 ita
1048 3344 1151 3428 lnqui-

267 3453 319 3517 tnr
345 3448 379 3516 S.
406 3449 443 3516 P.
471 3450 615 3534 lgnatins
645 3454 679 3517 tn
705 3450 805 3516 lillelle
834 3466 891 3515 eno
921 3449 1155 3519 Eaercitieram
