2817 4317
322 529 385 598 106

322 728 365 798 te,
396 737 550 802 summum
581 718 823 785 benefactorem
852 735 973 801 meum,
994 719 1120 784 iontem
1143 736 1211 784 om·

241 878 244 892 ,
324 825 408 888 nium
431 826 587 902 bonorum
610 842 764 905 meorum,
788 824 842 907 qui
864 843 915 887 me
937 844 979 887 ex
1003 824 1107 889 nihilo
1133 842 1210 889 eon·

317 929 447 1010 didisti,
477 929 530 1010 qni
562 949 613 993 me
641 928 687 991 ad*
707 928 890 1011 imaginem,
913 935 947 991 et
967 927 1210 994 similitudinem

325 1042 410 1097 tunm
432 1031 595 1113 formasti3
629 1033 683 1116 qui
714 1032 831 1096 mend
862 1030 1115 1097 communionem
1140 1033 1210 1116 glo·

326 1138 396 1201 riae
422 1143 514 1215 tuae,
546 1135 758 1218 omniumque
780 1138 935 1200 bonorum
960 1144 992 1199 et
1015 1136 1209 1219 gaudiorum

322 1242 448 1323 ieoisti3
471 1241 524 1321 qni
547 1260 598 1304 me
620 1239 782 1323 perditum
807 1244 847 1306 ab
864 1249 997 1306 aeterna
1020 1249 1130 1307 morte
1149 1243 1209 1307 eri·

323 1346 437 1430 peisti,
460 1350 493 1408 et
516 1363 627 1408 rursus
650 1343 690 1407 nd
715 1351 879 1409 aeternam
895 1345 1003 1410 vitem'
1017 1345 1209 1429 destinasti3

324 1450 379 1534 qni
404 1468 482 1513 men
517 1466 617 1511 oansa
643 1447 740 1512 bomo
771 1450 875 1515 lautus
906 1467 961 1529 es,
999 1455 1033 1512 et
1055 1450 1208 1528 miserias

324 1562 454 1618 nostras
478 1552 624 1634 subiisti3
647 1553 702 1634 qui
726 1551 757 1614 in
781 1571 879 1617 earne
894 1554 1020 1617 mortali
1043 1560 1095 1618 tot
1119 1556 1207 1622 labn-

325 1679 379 1723 res
402 1667 436 1722 et
458 1655 610 1737 dolores,
641 1663 688 1719 tot
711 1656 908 1721 aoerbitates
931 1664 964 1721 et
985 1656 1207 1741 indignitates,

324 1769 374 1827 tot
395 1763 515 1844 probra
539 1767 572 1824 et
594 1759 815 1840 contumelias,
836 1768 885 1824 tot
900 1767 1060 1825 tormenta
1079 1771 1117 1827 et
1135 1765 1207 1827 vul·

324 1871 420 1948 nera,
443 1864 583 1947 deniqne
609 1862 738 1938 ¹orneem
762 1873 795 1927 et
818 1869 952 1927 mortem
976 1881 1037 1945 pro
1059 1884 1116 1929 me
1140 1850 1207 1931 sue·

324 1968 466 2035 tinnistl:
498 1987 581 2050 qnae
603 1976 738 2053 propter
761 1965 883 2031 infinita
906 1966 1075 2054 beneficia·
1088 1953 1208 2042 infinita

324 2075 514 2152 aestimare,
546 2091 671 2152 amare,
694 2073 872 2150 honorare,
905 2063 1033 2151 oolere,
1066 2082 1105 2140 et
1128 2074 1207 2140 omni

326 2176 522 2263 gratitudine
545 2177 697 2259 prosequi
726 2175 901 2265 debebam:
924 2175 1037 2255 doleo,
1069 2177 1207 2261 inquam,

326 2281 414 2364 quod
445 2282 490 2344 'l'e
525 2280 627 2343 toties
661 2279 850 2344 offenderim
885 2291 917 2344 et
949 2285 1206 2365 contempserim,

325 2395 380 2451 tua
402 2390 580 2469 praeoepta
601 2384 807 2447 sanctissima
837 2383 926 2447 nihili
947 2383 1157 2451 aestimando
1179 2394 1207 2450 et

327 2488 497 2569 violand03
521 2506 604 2569 quae
627 2491 732 2550 tamen
756 2489 808 2553 vel
832 2510 871 2553 ex
894 2487 1114 2571 gratitudine,
1130 2507 1207 2556 on·

257 2593 259 2597 ’
326 2594 418 2656 nibus
439 2594 534 2656 rebus
558 2592 676 2656 creatis
700 2601 899 2675 anteponere
922 2592 1100 2659 debebam:
1126 2593 1206 2679 qnod

324 2696 423 2762 toties
446 2685 659 2781 pro'inlinitis
682 2696 848 2762 benefieiis
882 2696 1043 2761 inlinitum
1069 2698 1205 2784 ingrati·

324 2801 465 2866 tudinem
506 2808 538 2865 et
575 2800 724 2884 injurium
759 2800 975 2889 rependerim.
1021 2799 1084 2867 Ob
1127 2806 1207 2871 beno

281 2922 293 2959 ι·
323 2924 454 2971 eausam
469 2895 576 2970 ⁴dolen
599 2925 641 2969 ex
664 2904 790 2983 animo,
824 2905 921 2970 doleo
952 2905 1074 2971 intimis
1104 2911 1206 2974 senei·

322 3012 399 3091 bns,
433 3017 466 3075 et
495 3016 574 3091 opto
605 3009 681 3073 mibi
711 3010 858 3076 dolorem
890 3017 923 3073 et
953 3010 1205 3098 detestationem

321 3115 436 3180 millies
459 3101 631 3198 majorem,
655 3126 798 3195 'eumque
830 3132 849 3175 a
880 3120 912 3177 te
937 3113 1115 3181 millies'et
1137 3106 1206 3183 mil·

321 3218 402 3301 lies,
433 3217 608 3283 humillime
630 3224 663 3281 et
685 3237 726 3282 ex
748 3235 838 3282 mero
874 3236 983 3290 amore
1017 3220 1083 3301 lni,
1119 3242 1142 3288 a
1175 3230 1204 3289 te

319 3322 441 3406 flagito.
485 3321 644 3386 Miserere
675 3322 753 3402 mei,
782 3322 869 3387 lleus
900 3342 1011 3404 mens3
1045 3325 1204 3393 miserere

320 3427 410 3509 mei„
432 3434 465 3490 et
487 3428 624 3509 ignosce
646 3425 741 3506 mihi,
776 3427 851 3508 qnia
873 3434 908 3491 tn
930 3426 1021 3491 Deus
1041 3445 1140 3497 meus
1161 3451 1203 3509 es,
