2817 4317
269 531 313 606 48

268 723 317 788 niu
343 721 385 786 ad
407 741 478 787 euru
501 721 634 804 adduci,
666 722 718 788 eui
741 722 817 787 date
840 730 891 788 eut
911 724 1013 789 omnis
1036 730 1152 807 potes·

266 833 316 891 tes
339 833 372 890 et
394 826 497 891 honor
520 834 553 890 et
576 846 720 909 regnum.

313 930 443 996 Virtute
466 930 644 995 divinitatis
668 930 739 1012 fiet,
761 931 880 1015 primo,
902 937 937 997 nt
957 950 1071 996 omnes
1091 932 1153 998 hor

266 1036 366 1102 mines
395 1042 579 1119 resurgant,
613 1042 647 1101 et
675 1035 769 1100 simul
797 1054 868 1101 uum
891 1036 1038 1101 omnibus
1071 1035 1153 1106 dae·

266 1142 413 1206 munibus
444 1142 475 1217 in
507 1140 613 1204 lueum
640 1138 757 1223 judieii
789 1147 956 1221 cogantur.
994 1139 1154 1222 Deinde,

267 1251 302 1310 ut
324 1265 383 1311 suu
406 1246 522 1328 unique
545 1262 647 1327 opera
668 1244 701 1309 in
723 1251 863 1308 mentem
884 1243 1034 1323 veniunt,
1061 1251 1095 1307 et
1118 1251 1155 1308 ut

266 1350 380 1416 eudem
403 1349 584 1414 hominibus
599 1349 744 1414 omnibus
760 1348 838 1413 fiunt
851 1347 1039 1431 euuspieuu.
1069 1348 1154 1414 Ter-

266 1455 320 1536 tio,
343 1461 376 1518 ut
400 1454 518 1537 singuli
535 1453 696 1538 justitium
719 1454 899 1520 sententiae
918 1452 1116 1535 intelligant

274 1607 279 1634 :
306 1556 435 1622 Interea
458 1556 533 1621 dum
555 1556 639 1624 huee
657 1556 777 1622 virtute
802 1556 983 1622 divinitatis
994 1557 1035 1620 -in
1061 1576 1154 1630 men-

266 1646 352 1726 tibus*
391 1660 640 1744 judicandorum
688 1660 894 1726 invisibiliter
938 1670 1154 1745 peragentur,

265 1763 410 1830 Christus
434 1765 609 1832 seeundum
629 1764 867 1845 humanitatem,
892 1766 1066 1831 comitatus
1083 1785 1153 1833 um·

264 1870 356 1942 nibus
380 1864 530 1952 AngeliS‚
554 1888 677 1935 summu
702 1888 774 1935 uum
797 1869 980 1953 majestate,
1002 1871 1041 1934 ίῑι
1058 1873 1153 1937 nubi·

263 1973 323 2038 bus
347 1992 549 2058 eomparens,
572 1974 766 2040 sententiam
782 1975 815 2038 in
827 1975 936 2058 justus
958 1981 992 2040 et
1008 1976 1153 2059 injustos

263 2078 461 2144 sensibiliter
492 2086 525 2143 et
546 2080 688 2143 breviter
711 2080 873 2161 proferet:
905 2086 937 2143 et
960 2079 1058 2143 simul
1083 2082 1154 2145 vir·

266 2189 333 2248 tute
363 2181 543 2246 divinitatis
567 2184 600 2245 in
631 2182 790 2246 mentibus
818 2183 1039 2264 singulorum,
1072 2204 1153 2269 pru·

264 2284 334 2369 pria
349 2284 465 2368 unique
481 2292 514 2349 et
529 2286 648 2351 meritis
663 2285 849 2370 adaequate
864 2289 1026 2354 sententia
1043 2288 1154 2357 diuta-

263 2389 356 2462 bitur.
414 2387 513 2456 Plura
545 2390 587 2455 de
618 2391 670 2455 his
703 2392 790 2458 diutu
825 2400 900 2457 sunt
931 2392 985 2457 lib.
1003 2458 1005 2462 ,
1022 2392 1076 2459 13.
1108 2395 1154 2462 de

261 2491 518 2559 Perfeutiunibue
539 2494 666 2580 divinis,
686 2514 750 2579 per
771 2496 870 2562 multa
891 2495 1008 2579 eapite.

592 2716 771 2773 PRECATIO
787 2716 810 2771 l.

299 2858 354 2923 Ad
377 2861 484 2925 Deum
499 2863 646 2951 judicem
668 2868 816 2928 vivorum
838 2874 873 2928 et
893 2873 1117 2931 mortuorum.

317 2977 319 2982 ⁵
453 2991 492 3048 iix
509 2993 557 3051 lib.
578 2990 620 3055 13.
638 2999 669 3052 de
686 2998 798 3068 Perfert.
816 3012 878 3067 nup.
897 2998 938 3055 31.

306 3118 382 3200 Quis
403 3124 486 3187 nouit
505 3128 778 3203 potestatemtruo
800 3130 888 3204 tune,
922 3130 977 3189 aut
1000 3121 1085 3205 prae
1110 3132 1152 3193 tu

262 3240 347 3289 mure
376 3229 427 3289 tuo
451 3229 532 3291 irum
562 3233 648 3293 tuum
675 3229 898 3295 dinumerare?
943 3226 1020 3305 Quis
1046 3231 1154 3315 digne

262 3328 449 3410 expendere
476 3330 711 3413 suppliuiorum
735 3332 984 3413 magnitudinem
1007 3341 1045 3399 et
1066 3338 1154 3404 mul·

262 3428 444 3516 titudinem,
476 3451 560 3516 quae
588 3436 816 3518 peecatoribus
850 3440 1084 3524 praeparasti,
1122 3449 1156 3509 et
