2817 4317
261 571 326 637 212

264 761 460 843 divinitatiS,
498 770 530 827 ot
562 763 593 825 in
623 762 712 832 illam
735 763 834 826 veluti
859 763 1010 847 demergi
1034 775 1067 829 et
1095 770 1127 830 ah

268 867 396 931 sorberi
419 867 600 947 videantur,
633 877 665 931 et
697 868 826 950 seipsos
853 871 882 930 in
913 871 970 933 itta
996 873 1127 954 perdam

264 970 348 1035 aden
380 979 413 1034 nt
444 992 534 1036 suum
566 993 640 1037 esse
671 980 814 1038 creatum
840 975 881 1036 ibi
904 994 969 1039 nnn
995 978 1124 1042 sentian

261 1075 320 1139 sed
344 1077 447 1140 solam
470 1077 527 1141 Dei
551 1078 736 1142 essentiam.

570 1241 686 1331 naono
704 1276 842 1360 nonum.

263 1389 428 1502 Quomodo
472 1418 553 1482 liaeo
588 1419 777 1505 liquefactio
819 1443 879 1482 seu
912 1418 1058 1505 defectio
1096 1447 1127 1505 pe

416 1546 557 1586 umorem
579 1524 756 1611 dupliciter
777 1522 852 1607 fieri
868 1526 984 1608 possit.

615 1655 681 1710 lbid.
701 1674 728 1711 n.
750 1658 791 1712 95.

306 1784 397 1847 Haeo
420 1782 595 1866 liquefactio
616 1806 678 1850 seu
702 1785 829 1867 desectio
847 1803 904 1866 por
926 1804 1071 1853 omnnem
1096 1787 1127 1851 dt

265 1880 397 1969 pliciter
432 1887 501 1951 fieri
535 1896 651 1971 potest.
695 1890 815 1967 Primo,
849 1888 1127 1966 rationeeonsm

263 1992 384 2074 ptionis
409 1992 574 2075 spirituum
595 2013 655 2074 per
667 1992 916 2056 intentissimam
933 2000 966 2054 et
982 1995 1127 2058 assiduat

264 2097 506 2180 cogitationem,
530 2098 583 2162 vel
607 2096 909 2178 contemplationem
927 2094 974 2158 rei
1000 2098 1125 2163 ditenta

264 2209 296 2265 et
320 2183 495 2266 uehemens
519 2200 728 2282 desiderium,
753 2219 816 2281 quo
839 2198 972 2263 assidue
997 2200 1040 2262 ad
1068 2201 1126 2265 itti·

265 2304 674 2389 praesentiamadspirat:
713 2304 943 2387 contemplatio
974 2306 1065 2369 enim
1101 2327 1127 2389 en

263 2414 370 2477 haurit
392 2412 522 2494 spiritns
547 2410 712 2489 animales,
736 2410 912 2473 vehemens
936 2425 1028 2472 amor
1046 2418 1082 2473 et
1100 2412 1127 2474 di

267 2518 421 2581 siderium
443 2514 554 2580 cordis
575 2514 709 2598 spiritus
734 2515 860 2577 vitales.
904 2511 987 2573 Hinc
1003 2515 1127 2595 sequitu

265 2621 405 2684 maxima
430 2620 578 2703 corporis
604 2619 754 2683 debilitas
784 2627 816 2681 et
847 2617 960 2679 virium
985 2617 1127 2685 deseotm

267 2732 300 2787 et
322 2744 423 2805 saepe
446 2743 536 2788 amor
565 2730 772 2807 potestesse
796 2729 858 2784 tam
889 2723 1088 2799 vehemens,
1122 2741 1127 2780 ι

263 2838 418 2911 sequatur
442 2846 538 2909 mors,
561 2828 645 2892 omni
669 2826 785 2907 spiritu
808 2825 915 2906 vitali,
946 2843 1028 2906 prae
1055 2826 1127 2888 nim}

266 2933 373 2997 nordis
397 2934 595 3013 dilatatione,
620 2930 798 2995 diffluente.
844 2930 901 2993 Sin
925 2929 1012 2991 multi
1039 2938 1127 3013 putat

263 3037 299 3100 B.
323 3035 488 3118 Virginem
512 3038 543 3101 vi
564 3034 683 3101 amoris
708 3043 874 3099 mortuam.
919 3035 1000 3097 ilino
1023 3054 1127 3115 spons

264 3140 386 3205 Cautio.
411 3144 439 3206 2.
461 3141 566 3225 fulcite
587 3160 635 3206 me
655 3139 800 3222 floridus,
824 3142 938 3220 stipate
962 3156 1012 3202 me
1037 3140 1127 3205 moli.⁴

183 3313 185 3317 ,
267 3245 403 3329 (quibus
433 3246 567 3329 spiritus
601 3246 751 3309 exhausti
782 3250 815 3306 et
837 3243 916 3306 lassi
941 3254 1127 3309 recreentm

227 3354 229 3357 ’
263 3356 336 3433 outo
366 3371 473 3416 amore
494 3352 645 3433 tanquan:
675 3357 708 3412 et
736 3367 807 3432 oap.
832 3349 861 3412 5.
883 3349 991 3412 ontmo
1021 3351 1127 3415 mant

263 3456 411 3541 quesooto
433 3463 487 3539 est,
510 3463 543 3522 nt
567 3452 727 3539 (dilectus
753 3450 861 3534 meus)
885 3453 1005 3517 loeutus
1028 3460 1100 3534 est;
1123 3482 1127 3512 t
