2817 4317
267 564 332 631 208

267 758 386 821 animet
418 757 536 838 magis,
567 756 714 837 inquam,
741 754 826 836 ,quia
863 755 1025 819 nobiliori
1060 777 1081 820 n

268 863 412 925 nimirum
437 882 496 945 per
524 860 670 925 unionem
695 858 960 939 intellectualem,
986 868 1025 923 et
1049 881 1079 925 m

267 987 363 1031 seusu
387 986 427 1031 uo
452 972 559 1048 gustu.

308 1068 471 1148 Secundo,
494 1067 630 1149 impellit
653 1067 693 1130 ad
717 1071 862 1133 unionem
883 1071 1080 1151 perobseuo

270 1175 322 1258 qui
359 1174 441 1237 enim
475 1173 569 1237 alteri
593 1172 710 1252 servit,
744 1179 795 1234 est
818 1171 890 1253 ejus
913 1174 1023 1237 veluti
1046 1176 1077 1237 in

266 1277 424 1358 mentum,
457 1297 497 1341 eo
527 1275 663 1359 proinde
687 1276 717 1337 ei
741 1274 950 1358 conjungitur
975 1286 1014 1341 nt
1038 1298 1081 1341 m(

265 1402 304 1448 eo
328 1382 382 1445 fini
404 1383 446 1445 oh
471 1400 564 1462 quem
579 1379 661 1460 egit.
708 1379 789 1442 Hine
812 1380 969 1444 ardentes
992 1383 1081 1447 Dei:

266 1494 355 1550 tores
376 1504 507 1566 semper
526 1484 558 1546 io
581 1484 721 1566 negotiis
737 1483 796 1548 Dei
820 1494 1021 1569 versantur,
1047 1495 1081 1552 et

265 1588 444 1653 commodis
466 1607 505 1651 ao
527 1589 707 1652 honoribus
727 1588 899 1670 neglectis,
923 1592 1037 1657 solum
1062 1614 1081 1674 q

268 1700 342 1755 runt
365 1693 520 1757 honorem
556 1692 634 1772 Dei,
667 1712 809 1775 suasque
834 1710 947 1757 omnes
974 1696 1081 1760 iuneti

265 1795 308 1859 nd
331 1796 418 1860 illum
443 1795 602 1876 dirigunt,
635 1804 668 1860 et
699 1798 748 1860 sio
785 1817 843 1879 per
865 1817 923 1860 ens
944 1818 986 1861 se
1012 1800 1061 1863 illi

268 1907 406 1966 neotunt.

306 2006 434 2085 Tertio,
457 2005 591 2087 impellit
614 2006 655 2069 ed
676 2006 834 2086 unionem,
857 2024 941 2086 quae
966 2005 1007 2071 fit
1033 2028 1080 2090 pe

264 2114 315 2175 tue
337 2110 580 2189 similitudinem,
604 2117 632 2176 et
653 2129 776 2177 morum
790 2113 1020 2177 imitationem:
1051 2114 1081 2176 si

268 2213 347 2277 tudo
371 2211 456 2277 enim
480 2220 531 2276 est
554 2213 715 2296 quaedam
738 2217 813 2279 unio
845 2233 953 2277 rerum
994 2235 1081 2298 qnae

266 2315 357 2378 miles
378 2315 541 2394 dieantur,
575 2334 644 2379 oum
669 2319 712 2379 sit
744 2337 807 2380 una
829 2318 934 2381 formu
963 2320 998 2382 in
1022 2320 1081 2385 do(

267 2417 349 2480 Hiuo
372 2416 433 2479 Dei
464 2425 625 2482 amatores
654 2420 821 2483 charitatis
854 2420 1000 2503 impulsu
1031 2425 1081 2489 dii

265 2539 394 2586 amores
409 2521 525 2584 imitari
539 2521 685 2587 student:
708 2521 777 2603 Dei,
793 2523 933 2605 inquam,
949 2528 1081 2595 oharite

264 2626 463 2708 patientiam,
487 2625 744 2691 beneficientiam
772 2626 803 2689 in
826 2626 999 2712 inimioos,
1033 2636 1078 2698 mi

267 2730 429 2810 cordiam,
464 2732 680 2811 elementiam,
712 2731 803 2815 juxta
833 2732 994 2799 monitum
1033 2738 1081 2803 De

263 2836 376 2899 lllntth.
400 2835 428 2899 5.
452 2858 483 2899 ν.
504 2837 631 2916 ultimo,
665 2854 730 2917 quo
758 2836 899 2918 priorem
922 2847 1060 2919 partem

262 2938 498 3003 exhortationis
533 2938 716 3003 oonoludit:
769 2938 876 3003 Estote
906 2956 985 3021 erpo
1018 2962 1081 3025 per

261 3049 341 3109 sicot
363 3051 393 3109 et
418 3044 511 3110 Potor
533 3051 634 3109 uester
657 3045 797 3108 coelestis
814 3041 975 3125 perfectos
990 3054 1051 3112 ert.

263 3149 337 3212 inde
359 3156 459 3213 totam
490 3147 610 3213 Christi
633 3148 733 3211 vitam
766 3144 817 3229 (io
848 3165 912 3228 qua
945 3152 1060 3217 omnis

261 3253 360 3317 lectio
392 3249 592 3333 continetur)
627 3253 656 3315 in
691 3272 752 3316 una
782 3251 851 3315 vita
882 3254 1080 3335 exprimere

260 3365 396 3438 nentur,
418 3366 454 3423 ut
476 3359 509 3423 in
533 3359 611 3439 heo,
645 3364 795 3440 tanquam
819 3357 850 3419 in
884 3357 1055 3441 imagine,

262 3465 481 3547 resplendent.
537 3462 593 3529 Ad
625 3464 713 3547 quod
750 3463 872 3549 passim
912 3483 978 3530 nos
1009 3469 1081 3534 hort
