2817 4317
1083 552 1154 620 ‚203

261 744 321 810 lux
351 745 531 828 corporalis
555 747 658 829 gignit
682 747 823 812 calorem
846 746 1064 829 corporalem,
1089 763 1152 828 quo

262 866 404 931 corporo
434 848 649 932 incalescunt,
679 851 726 914 ita
754 851 809 915 lux
832 850 1005 934 spiritalis,
1032 867 1149 931 nempe

260 954 406 1036 cognitio
427 954 519 1032 boni,
555 953 660 1037 gignit
682 954 824 1021 calorem
848 955 1047 1038 spiritalem,
1085 972 1149 1035 quo

263 1058 396 1141 spiritus
420 1059 648 1125 effervescunt.

559 1279 678 1336 CAPUT
696 1280 853 1337 SEXTUM.

435 1529 478 1593 Et
498 1534 604 1616 primo
627 1532 756 1623 quidem
779 1533 819 1595 de
841 1536 971 1597 ecstasi.

546 1662 587 1717 Ex
606 1679 666 1735 cap.
689 1669 729 1724 12.
749 1682 793 1719 nn.
812 1668 854 1723 88.

274 1849 278 1855 .
307 1793 448 1858 Sanctus
473 1791 648 1875 Dionysius
682 1790 885 1875 Areopagita
918 1792 969 1866 (in
997 1792 1080 1857 libro
1105 1792 1146 1856 de

263 1898 384 1963 divinis
418 1892 617 1977 nominibus)
647 1898 762 1960 multas
797 1896 898 1959 divini
936 1896 1055 1959 amoris
1094 1896 1148 1959 vel

267 2004 485 2086 proprietates
510 2002 564 2064 vel
587 2000 723 2065 effectus
749 2005 906 2065 recenset.
953 1997 1001 2062 Ex
1033 1998 1147 2082 quibus

265 2108 332 2171 duo
355 2104 523 2188 praecipui
545 2102 640 2167 nobis
664 2100 873 2184 explorandi:
908 2120 1042 2183 quorum
1066 2103 1149 2166 alter

263 2218 317 2275 est
346 2210 497 2288 ecclesie,
529 2208 611 2272 aller
640 2206 812 2272 unionum
838 2206 967 2270 dilecto.
1012 2204 1061 2269 De
1082 2204 1149 2287 pri·

262 2334 322 2379 oro
344 2332 479 2395 agemus
498 2313 562 2378 hoo
585 2312 700 2395 capite.
746 2310 868 2375 Tribuil
884 2318 990 2373 autem
1006 2309 1149 2391 priorem

261 2419 350 2484 hunc
374 2415 524 2480 ellectum
548 2415 649 2479 amori
672 2413 783 2478 divino
796 2413 984 2497 Dionysius,
1007 2414 1091 2477 libro
1107 2412 1149 2476 de

263 2520 382 2586 divinis
405 2519 596 2599 nominibus,
619 2519 727 2600 capite
744 2519 772 2582 ll.
789 2526 881 2601 parte
899 2518 1009 2602 prima.
1042 2519 1150 2598 Amor,

266 2626 522 2708 inquinacione
545 2626 682 2688 ecstasin
702 2620 789 2704 fucit,
818 2640 881 2688 non
903 2626 1010 2688 sinens
1028 2628 1149 2687 omolo-

262 2746 318 2795 rcs
335 2746 408 2795 resse
430 2731 581 2807 suijuris,
607 2729 662 2793 sed
684 2730 717 2792 ia
734 2731 790 2806 jus
811 2744 918 2791 eorum
944 2744 1023 2808 quoe
1038 2745 1150 2807 omun-

267 2838 331 2914 ων,
353 2835 478 2914 penius
499 2829 702 2913 transferens.
747 2830 819 2893 Hoc
849 2835 954 2893 autern
978 2829 1151 2911 dupliciter

261 2937 336 3004 fieri
356 2943 473 3019 polest.
526 2957 529 2962 ·

307 3038 427 3120 Primo,
459 3056 531 3102 cum
564 3036 609 3099 ita
641 3037 778 3100 affectus
802 3042 835 3101 et
855 3037 1012 3119 cogitatio
1036 3057 1147 3101 eman·

262 3144 306 3210 tis
335 3144 530 3207 transfertur
561 3143 593 3205 in
626 3141 795 3222 dilectum,
829 3151 862 3207 ut
895 3146 945 3209 sni
976 3152 1010 3209 et
1041 3165 1148 3208 rerum

261 3235 395 3313 suarum
431 3244 659 3323 obliviscatur,
691 3266 815 3328 suaque
852 3249 957 3313 omnia
993 3249 1147 3331 negligat.

262 3354 356 3418 'l'uou
379 3350 463 3415 enirn
500 3350 606 3414 anima
629 3351 828 3433 cogitatione
858 3360 891 3435 et
913 3352 1031 3417 affectu
1055 3352 1148 3434 quasi

249 3465 358 3524 erim
379 3467 417 3523 so
440 3476 585 3540 egressa,
618 3461 687 3521 tole
715 3458 752 3521 in.
776 3459 872 3521 rebus
896 3455 1006 3521 dilecti
1020 3475 1143 3521 ¹versa·
