2817 4317
331 571 393 639 138

330 781 423 827 omne
454 763 615 847 objectum
645 767 852 849 intelligibile
885 777 918 832 ot
949 768 1054 833 omnis
1094 769 1208 831 veritas

331 867 497 951 objectiva
520 869 699 933 eminenter
722 871 923 953 continetur3
955 883 987 935 et
1016 891 1035 935 a
1058 889 1127 954 quo
1150 892 1209 936 om·

331 973 388 1066 nis
406 991 459 1034 res
481 976 609 1056 accepit
633 974 803 1039 veritatem
828 975 877 1039 sui
910 995 1001 1057 esse,
1033 983 1069 1039 et
1101 983 1136 1039 ut
1165 995 1209 1039 se·

329 1078 465 1141 cundum
491 1080 748 1161 suamspeciem
770 1086 804 1142 et
823 1097 935 1143 omncs
954 1078 1080 1161 gradus
1105 1099 1209 1143 essen·

329 1183 405 1248 tiae
426 1201 505 1245 vera
529 1183 580 1263 sit,
616 1192 649 1245 et
675 1203 754 1245 vere
776 1181 851 1245 talis
874 1182 1015 1245 dicatur:
1048 1187 1095 1257 ut,
1128 1179 1208 1261 quod

328 1285 392 1349 hoc
414 1286 465 1354 sit,
478 1305 575 1349 verus
599 1287 704 1367 homo,
728 1280 813 1349 ittud‘
828 1301 925 1350 verus
940 1286 1005 1365 leo,
1028 1305 1130 1349 verus
1147 1288 1209 1363 bos,

328 1409 439 1454 verum
462 1409 588 1472 aurum3
619 1398 652 1453 et
674 1390 723 1453 sic
746 1388 787 1452 de
810 1388 963 1453 caeteris:
996 1386 1044 1451 sic
1076 1388 1210 1451 omnium

275 1499 279 1503 ’
328 1514 436 1558 rerum
457 1494 583 1557 veritas
605 1513 624 1556 a
648 1494 752 1575 prima
771 1493 918 1573 veritate,
944 1498 1106 1573 quaeest
1131 1490 1210 1555 veri·

329 1604 379 1661 tas
404 1598 533 1660 'divinae
557 1599 731 1679 essentiae,
757 1596 933 1661 descendit.
961 1595 1066 1659 Porro
1092 1597 1211 1658 veritas

277 1725 282 1732 “
328 1700 495 1784 cbjeotiva
526 1722 631 1766 rerum
665 1701 858 1785 praesertim
890 1708 963 1762 actu
994 1698 1212 1786 existentium,

327 1805 476 1868 consistit
498 1804 528 1867 in
554 1824 604 1881 eo,
628 1800 715 1886 quod
740 1813 852 1869 natura
876 1800 1035 1885 cujusque
1065 1803 1110 1869 sit
1141 1822 1212 1868 con·

328 1908 440 1971 formis
473 1908 569 1973 ideae
602 1918 634 1973 et
663 1910 833 1992 conceptui
867 1905 989 1989 divino,
1033 1907 1213 1971 secundum

327 2030 430 2091 quem,
470 2020 501 2075 ct
534 2032 593 2093 per
626 2033 720 2094 quem
751 2016 838 2078 lacta
871 2021 931 2075 est.
976 2009 1013 2074 Si
1045 2031 1132 2076 vero
1164 2031 1212 2075 ros

327 2113 574 2180 considerentur
585 2109 759 2181 secundum
771 2137 845 2181 esse
861 2115 1029 2200 possibile,
1045 2116 1103 2193 vel
1119 2123 1213 2199 prout

327 2220 520 2281 abstrahunt
542 2221 584 2281 ab
604 2240 682 2283 esse
701 2227 784 2299 actu,
808 2231 841 2286 et
863 2240 925 2285 non
948 2240 1023 2282 esse
1047 2227 1145 2298 actu;
1170 2222 1213 2283 sic

294 2333 296 2340 '
326 2340 436 2386 earum
459 2325 583 2387 veritas
605 2327 756 2389 consistit
777 2327 808 2389 in
826 2323 1051 2389 conformitate
1068 2343 1145 2387 cum
1167 2345 1213 2387 es·

326 2430 429 2490 sentia
454 2428 572 2507 divina,
596 2431 754 2512 qnatenus
778 2432 849 2512 ipsa
874 2430 928 2492 tali
954 2427 1005 2489 vel
1029 2428 1090 2491 tali
1112 2429 1212 2494 modo

326 2539 378 2592 est
402 2532 589 2613 imitabilis„
614 2555 670 2598 seu
703 2535 945 2618 participabilis,
999 2530 1086 2595 Hinc
1121 2535 1213 2613 enim,

290 2620 293 2624 ’
326 2633 428 2716 veluti
453 2639 494 2699 ab
521 2638 670 2719 originali
694 2640 829 2703 omnium
864 2637 951 2717 idea,
984 2638 1091 2699 oritur
1128 2639 1212 2701 ratic

325 2737 463 2800 omnium
489 2741 698 2821 possibilium,
724 2751 757 2805 ut
781 2743 858 2805 alibi
882 2748 1047 2805 ostensum
1072 2750 1139 2804 est.

367 2844 395 2906 2.
417 2843 540 2905 Dicitur
560 2848 664 2926 primo
685 2842 800 2911 veritos
829 2850 862 2910 in
885 2845 1117 2925 connascendo..
1165 2847 1213 2910 Vc·

323 2931 403 3022 silos
437 2949 580 3029 quidem,
614 2951 687 3030 quia
722 2959 773 3022 est
808 2951 856 3034 sui
888 2949 991 3032 ipsius
1015 2952 1212 3032 etlomnium

325 3071 429 3114 rerum
467 3052 690 3133 existentium,
722 3072 762 3117 ac
793 3053 994 3136 possibilium
1029 3054 1213 3126 verissima.

323 3156 525 3233 certissima,
551 3155 767 3237 lucidissima,
801 3166 834 3222 ct
856 3145 1112 3223 eminentissima
1135 3180 1210 3245 cog·

300 3250 302 3253 ’
326 3260 402 3321 nitio
426 3266 459 3322 ct
491 3261 673 3343 conceptio.
694 3327 698 3332 ,
719 3261 825 3325 Primo
854 3280 949 3340 vero,
979 3262 1058 3341 ‘quia
1092 3266 1212 3329 abillo

323 3364 426 3426 omnis
452 3384 531 3427 vera
554 3364 700 3445 cognitio
730 3358 989 3429 descendittam
1012 3364 1046 3427 in
1073 3365 1212 3451 Angelis

325 3475 358 3531 et
380 3467 578 3556 hominibus,
610 3488 703 3549 quam
733 3467 997 3547 inanimalibus,
1030 3470 1064 3534 in
1099 3475 1213 3555 quibus
