2817 4317
319 557 382 623 220

317 749 430 829 primis
442 746 665 813 abundantiam
680 753 805 814 actuum
818 750 988 827 donorum·
999 752 1116 818 deiude
1125 759 1208 836 aspi·

317 854 473 917 nationem
495 854 537 918 ad
558 852 772 918 beatissimam
801 852 860 917 Dei
879 851 1077 935 fruitionem,
1111 862 1143 921 et
1165 858 1208 921 la·

320 956 427 1020 donum
452 945 589 1020 omnium
619 959 846 1036 optatissimam
874 959 1013 1037 quietem.
1064 960 1208 1026 Ceterum

319 1062 361 1125 ad
378 1066 541 1142 utrumque
558 1060 813 1140 consequendum,
836 1053 953 1126 auaitio
969 1070 1063 1154 esunt
1075 1081 1208 1147 sequen·

319 1171 364 1229 tes
396 1182 466 1229 oum
498 1168 597 1229 uariis
630 1168 777 1229 uirtutum
807 1168 1018 1231 mauimarum
1042 1168 1207 1250 affectibus

319 1270 590 1334 considerationes.

612 1476 867 1539 CONSIDERATIO
884 1480 903 1541 1.

321 1639 368 1704 De
390 1638 470 1718 Deo,
505 1644 657 1720 quatenus
692 1642 740 1702 est
771 1624 905 1719 primum
935 1655 1043 1704 rerum
1067 1646 1207 1708 omnium

663 1744 860 1824 principium.

550 1881 659 1931 Affectus
675 1878 779 1929 infimae
798 1880 967 1931 adorationis.

347 2008 451 2073 Deus
486 2006 602 2070 dicitur
641 2009 776 2087 primam
816 2007 1013 2086 principium
1048 2018 1207 2091 respectu

321 2110 461 2177 omnium
497 2116 530 2173 et
567 2108 762 2190 singularum
801 2117 1030 2173 ereaturarum.
1094 2110 1207 2177 Omnis

322 2216 405 2281 enim
439 2233 494 2278 res
527 2220 655 2293 ereata,
689 2213 894 2294 quantumvis
923 2212 1072 2277 annuitis
1099 2218 1207 2281 nausis

321 2319 528 2404 dependeat,
551 2314 656 2399 (siout
677 2323 767 2399 putet
789 2316 820 2379 in
844 2315 965 2398 plantis
997 2322 1031 2379 et
1052 2308 1206 2386 animali·

321 2426 398 2507 bus,
431 2430 464 2487 et
485 2422 585 2486 rebus
608 2427 676 2483 arte
699 2416 816 2503 fantis)
839 2421 950 2485 ultimo
973 2428 1082 2487 tumen
1109 2426 1207 2491 redu·

323 2530 405 2595 nitur
441 2526 474 2590 in
508 2524 614 2605 illum,
652 2531 801 2607 tanquam
840 2527 871 2589 in
903 2528 1038 2610 primam
1063 2532 1205 2596 omnium

323 2648 493 2698 causarum
515 2647 655 2693 oausam.

363 2732 489 2798 Diditur
523 2741 627 2797 autem
659 2736 1019 2818 primumprimnum,
1060 2738 1091 2803 1.
1130 2742 1204 2824 quin

320 2841 577 2922 antiquissimum.
622 2824 706 2903 Nihil
722 2841 806 2903 enim
828 2848 902 2903 unte
918 2842 1034 2922 ipsum,
1056 2851 1117 2906 aut
1132 2863 1203 2909 uum

322 2948 397 3030 ipso
419 2948 460 3010 ab
482 2953 615 3010 aeterno
637 2946 714 3027 fuit,
751 2946 838 3028 qaod
869 2944 913 3008 sit
943 2963 1043 3008 eausa
1075 2966 1204 3029 rerum3

320 3050 379 3114 sed
403 3068 616 3132 quaeeunque
647 3057 721 3113 sunt
752 3049 836 3113 aliae
865 3067 971 3111 rerum
996 3067 1121 3115 suasae
1144 3072 1209 3125 seu,

210 3229 212 3234 Ι
322 3151 492 3235 principia,
515 3160 591 3217 sunt
610 3149 734 3217 infinito
757 3160 903 3234 tempore
926 3152 1125 3232 posteriora.

362 3259 391 3323 2.
416 3256 495 3334 Quia
529 3256 663 3339 primum
687 3257 848 3337 dianitate,
870 3261 982 3337 utpote
1004 3276 1204 3344 supremum,

319 3380 389 3427 oum
412 3362 490 3425 nihil
513 3380 613 3445 supra
634 3360 738 3444 ipsum
760 3380 836 3426 esse
855 3360 969 3442 possit,
993 3379 1012 3422 a
1037 3379 1105 3441 quo
1128 3365 1203 3449 ipse

319 3464 634 3548 potans-isanspero
658 3472 691 3528 ut
714 3472 803 3529 esset
826 3483 933 3528 rerum
958 3481 1076 3548 eausa,
1108 3488 1203 3535 nemo
