2817 4317
262 576 324 646 188

303 769 457 835 Dominus
478 756 573 847 meus,
595 774 625 833 et
647 768 731 833 Deus
753 787 847 834 mua.
875 768 976 835 tono.
1004 771 1059 837 20.

305 872 445 954 Dopeetu
466 874 641 951 Dominum,
664 873 795 938 uiriliter
816 891 891 955 ope,
925 881 955 940 ¹et
984 873 1073 957 eonio

263 980 314 1041 tur
340 992 396 1041 aar
416 982 570 1066 tuumpet
592 980 712 1043 sustine
733 979 911 1043 Dominum.
956 978 1073 1044 Psalm

192 1155 195 1164 ,
303 1080 451 1157 Domine,
480 1099 550 1147 aum
572 1085 674 1147 iratus
694 1080 810 1163 tueris,
838 1085 1073 1150 miserieordia

260 1186 447 1251 cantaberis.
495 1182 596 1252 Aban.
622 1188 651 1251 3.
927 1172 930 1179 ’

304 1293 457 1359 Dominus
478 1294 663 1359 illuminatio
685 1311 763 1373 mea,
787 1298 817 1359 et
836 1292 924 1356 satus
946 1310 1049 1358 mea:

261 1396 397 1463 timebo?
441 1395 559 1461 Psalm.
584 1396 634 1463 26.

302 1499 380 1565 Mus
397 1507 501 1566 autem
524 1502 698 1567 adhaerere
722 1502 788 1565 Deo
813 1499 928 1564 bonum
949 1505 1018 1579 est,
1051 1518 1073 1565 u

262 1620 336 1669 uere
353 1606 388 1668 iu
410 1604 543 1670 Domino
565 1623 652 1688 spem
673 1622 783 1670 meam.
827 1600 947 1666 Psalm.
974 1604 1032 1668 72.

266 1776 270 1784 ,
303 1706 410 1773 Bonus
432 1725 467 1773 es
488 1708 636 1790 Domine,
671 1706 871 1790 sperantibus
890 1708 925 1771 in
947 1711 997 1786 te,
1032 1727 1073 1773 aa

263 1814 426 1892 quaerenti
446 1816 484 1877 te.
531 1812 650 1876 Thoen.
672 1811 701 1875 3.

307 1914 351 1979 Du
383 1920 503 1996 auten,
536 1915 685 1994 Domine,
718 1933 759 1980 ue
781 1915 978 1995 etoupaoeris
1003 1936 1073 1993 uua

261 2023 347 2085 tuum
383 2038 405 2084 a
440 2038 506 2095 me,·
543 2021 585 2086 ad
622 2019 830 2102 defensionem
859 2037 964 2084 meam
1001 2041 1073 2089 aon,¹

262 2122 379 2189 Psalm.
406 2123 457 2189 21.
882 2170 891 2177 -

306 2229 444 2307 Domine,
467 2228 588 2292 satoum
609 2245 659 2293 me
678 2227 732 2310 saa
761 2246 783 2293 a
804 2227 1073 2309 pusillanimitate

262 2337 349 2413 ntus,
371 2341 400 2399 et
421 2336 610 2414 tempestate.
654 2333 771 2398 Psatm.
795 2333 847 2397 54.
958 2394 960 2398 .

305 2438 408 2503 Sitioit
434 2442 542 2503 anima
574 2455 644 2502 mea
675 2439 718 2502 ad
738 2439 845 2531 Deum¹
865 2436 1000 2519 sortem,
1033 2445 1073 2509 oio

261 2545 385 2625 quando
412 2546 549 2620 aenium,
579 2549 608 2607 et
629 2543 787 2624 apparebo
810 2547 883 2607 ante
903 2540 1026 2623 faeiem
1046 2551 1073 2611 tu

263 2646 390 2711 Psalmo
404 2646 455 2711 41.

305 2752 455 2818 Desiteoo
478 2757 508 2818 te
528 2752 652 2831 millies,
682 2756 727 2817 mi
742 2736 843 2818 iesu:
865 2753 996 2833 quando
1029 2772 1073 2819 ae

266 2875 324 2936 me,
344 2857 382 2922 de
404 2863 440 2936 te,
462 2860 585 2940 quanto
604 2856 724 2923 saties?
768 2855 863 2919 Bora.
881 2855 913 2917 in
936 2853 1065 2923 Jubilo.

306 2962 387 3044 Quid
408 2961 485 3028 miii
507 2967 552 3027 est
574 2965 607 3025 in
626 2961 718 3038 aoeto,
750 2965 780 3025 et
801 2978 822 3025 a
843 2965 872 3024 te
893 2960 970 3040 auid
993 2963 1073 3028 ootu:

260 3083 318 3149 per
340 3067 486 3132 turam?
529 3065 648 3130 Psalm.
672 3066 722 3131 72,

305 3173 460 3251 Domiti,
490 3170 575 3236 Deus
596 3176 696 3248 meus,
730 3174 782 3233 te:
815 3168 910 3233 redte
933 3170 1015 3237 miti
1037 3179 1070 3238 te

263 3294 334 3341 amo
356 3281 404 3341 te:
436 3279 466 3341 et
486 3279 514 3338 si
534 3291 647 3356 parum
670 3277 732 3354 est,
763 3289 864 3338 amem
885 3272 1037 3341 validius.

262 3388 347 3463 gast.
369 3381 401 3444 in
425 3380 537 3445 Medio.
560 3397 632 3461 oap.
658 3378 708 3445 18.
804 3425 811 3431 --

306 3485 411 3551 Minus
433 3489 520 3549 amat
546 3488 590 3564 te,
627 3485 771 3561 Domine,
807 3485 860 3563 aui
895 3488 1001 3551 tecum
1042 3491 1073 3555 at
