2817 4317
328 574 390 639 140

326 768 457 831 veritas.
487 766 617 831 Primae
631 767 760 832 veritati
778 785 842 831 non
866 766 1030 833 credimus
1047 772 1092 833 ob
1116 768 1204 835 aliam

324 871 464 952 aliquam
496 870 667 953 rationem,
701 871 761 934 sed
795 876 931 956 propter
954 872 1116 956 'seipsam3
1149 875 1208 957 ipsi

324 977 408 1040 enim
431 994 492 1059 per
512 979 550 1039 'se
573 974 695 1066 infinita
718 975 802 1061 fides
826 976 970 1041 debetur.

368 1080 441 1145 Hoc
479 1088 586 1146 autem
620 1080 804 1144 attributum
841 1081 995 1164 supponit
1031 1080 1105 1166 duo
1138 1081 1206 1160 alia,

326 1173 446 1275 quibus*
472 1185 720 1271 'quodammodo
742 1185 869 1268 nititur,
905 1206 1022 1269 nempe
1054 1186 1206 1251 infinitam

324 1290 518 1367 bonitatem,
555 1296 588 1353 et
627 1289 779 1354 infinitam
813 1291 1013 1373 sapientiam.
1071 1291 1206 1355 Ratione

327 1392 480 1458 bonitatis
503 1393 548 1474 fit,
571 1402 606 1457 ut
625 1395 794 1462 Deusnuu
815 1396 920 1477 possit
933 1414 1127 1478 quemquam
1150 1396 1206 1461 fal·

324 1497 404 1579 lere,
427 1499 544 1563 falsum
568 1500 598 1563 ei
625 1499 782 1565 diceudo:
806 1501 932 1564 ratione
954 1498 1156 1583 sapientiae,
1177 1507 1211 1565 ut.

325 1602 398 1685 ipse
421 1611 484 1674 non
509 1604 614 1688 possit
635 1603 715 1668 falli.
1092 1681 1095 1686 Ι

235 1763 239 1772 ,
324 1718 327 1722 ’
366 1706 396 1769 4.
420 1706 544 1785 Dicitur
563 1699 735 1774 ccritos'ia
750 1708 913 1772 sanandis
926 1700 1103 1790 promissis,
1129 1729 1208 1793 quae

325 1809 401 1872 nihil
421 1816 471 1878 ost
492 1810 579 1875 aliud
603 1831 697 1895 quam
722 1810 872 1875 fidelitas.
903 1808 976 1874 'Est
1004 1819 1113 1878 autem
1138 1816 1210 1896 firia-

327 1912 400 1977 lt'tos
423 1914 526 1977 virtus
549 1916 580 1979 iu
604 1913 743 1997 Angelis
778 1923 810 1978 et
839 1915 1018 1978 homiuibus
1049 1917 1209 1983 inclinans

325 2018 366 2080 ad
382 2019 543 2082 servanda
560 2020 720 2102 promissa
736 2019 849 2083 intuitu
869 2020 1100 2102 obligationis,
1115 2043 1209 2106 quam

326 2120 501 2204 promissio
534 2126 671 2195 inducit:
702 2127 734 2187 in
766 2126 837 2189 Deo
868 2134 919 2189 est
951 2126 1023 2207 ipsa
1055 2130 1211 2208 essentia,

327 2236 384 2291 aut
408 2230 560 2293 voluutas
584 2222 800 2310 considerata,
823 2238 858 2293 ut
880 2246 939 2293 suo
962 2221 1125 2293 modoad
1152 2233 1226 2316 boc¹

270 2412 274 2416 ⁸
325 2332 465 2397 inclinat
491 2318 605 2410 ¹-Uude
636 2335 721 2399 siunt
753 2334 842 2398 Deus
876 2341 927 2397 est
960 2334 1019 2395 s'ua
1056 2338 1211 2415 essentia,

280 2478 282 2482 ,
326 2456 402 2500 suus
425 2453 530 2518 amur,
558 2459 617 2503 sua
649 2440 813 2521 cognitio,
846 2439 891 2503 ita
920 2455 1050 2520 quoque
1075 2449 1132 2515 est
1157 2460 1211 2504 sua

325 2541 481 2622 fidelitas,
498 2550 544 2611 ⁴et
566 2542 687 2606 infinita
712 2542 889 2625 propensio
909 2542 951 2604 ad
974 2530 1211 2623 praestandum

237 2659 244 2674 ¹
326 2644 662 2732 quidquidpromisit..
684 2646 725 2711 Et
741 2647 814 2728 quia
839 2666 899 2727 per
916 2645 1080 2710 Christum
1104 2652 1212 2714 omnia

325 2759 486 2833 praestat,
526 2766 609 2833 quae
645 2740 900 2835 ipse-promisit
937 2730 1051 2830 generi
1100 2752 1212 2822 huma.

324 2873 385 2935 no,
422 2855 518 2918 etiam
554 2857 702 2921 Christus
735 2875 836 2936 saepe
873 2857 988 2918 ueritus
1025 2856 1058 2917 in
1097 2856 1212 2941 Sorip·
1247 2910 1248 2919 ,

315 2959 405 3022 ·ῑιπίε
444 2957 577 3026 dicitur:
616 2962 699 3025 sicut
735 2961 829 3044 etiam
863 2966 999 3024 vocatur
1030 2962 1211 3027 misericer-
1247 2971 1248 3023 t

325 3064 393 3142 diu,
425 3065 499 3146 quia
532 3066 721 3148 peripsum
753 3064 841 3127 Deus
871 3080 997 3155 ornnem
1029 3066 1211 3132 misericor·

324 3170 408 3235 diem
438 3190 498 3234 seu
520 3166 764 3236 misericordiae
788 3170 937 3233 effectum
960 3171 1133 3251 praestitit
1157 3174 1211 3237 ho·

324 3273 470 3337 minibus.
525 3299 527 3303 ³
852 3326 854 3329 .

366 3365 490 3455 Dicitur
515 3386 634 3470 auteur,
650 3385 755 3463 primo
781 3384 896 3444 ceritas
924 3378 1107 3443 secundum
1133 3366 1213 3448 hauc

325 3486 562 3569 acceptionem
593 3487 677 3569 quia
700 3485 837 3567 abipso
873 3482 976 3569 omuis
1000 3480 1153 3551 fidelitas
1184 3489 1211 3552 ir
