2817 4317
451 826 488 889 ὅ.
513 822 665 911 Affectus
689 826 798 890 landis
822 828 967 893 diutinae.

380 965 453 1031 Ergo
470 964 557 1013 Deum
576 971 786 1016 conservatorem
805 983 892 1015 rerum
911 967 1041 1015 omnium.

314 1088 506 1164 Benedictio,
535 1091 565 1150 et
585 1087 724 1167 claritas,
746 1093 775 1151 et
796 1092 961 1168 sapientia,
986 1097 1019 1155 et
1038 1096 1148 1173 aratia

269 1210 339 1256 rani
364 1194 452 1270 actio,
477 1191 576 1255 lonae
600 1198 627 1255 et
649 1198 749 1257 ciclos
778 1198 808 1256 et
836 1191 987 1274 fortitudo
1012 1196 1080 1259 Deo
1101 1214 1150 1259 no·

266 1304 339 1374 stro,
363 1301 396 1362 in
420 1298 546 1360 saecnla
570 1297 784 1361 saeculoram:
807 1298 912 1360 Amen.
960 1298 1104 1380 Apoool.
1126 1300 1150 1361 t.

310 1402 484 1466 Benedicite
518 1391 664 1464 centesies
693 1400 804 1464 millies
827 1403 934 1465 omnia
956 1410 1071 1468 creata
1094 1403 1151 1467 Ilo·

265 1510 401 1581 minan·
423 1507 497 1585 qaia
520 1506 668 1567 centesies
690 1504 800 1568 millies
822 1501 877 1568 ons
899 1512 1029 1571 recreat
1052 1506 1152 1571 Doni-

266 1628 336 1675 nas.
380 1609 428 1672 Ex
450 1607 558 1671 libello
584 1606 612 1671 3.

309 1714 346 1778 ln
369 1719 536 1792 aeternnm,
560 1714 705 1794 Domine,
737 1719 900 1798 permanat
918 1715 1051 1779 verbnm
1074 1723 1151 1780 loon

266 1820 299 1879 in
322 1819 422 1881 coelo:
453 1821 485 1882 in
508 1822 746 1903 ceneratiooem‘
770 1825 807 1892 et,
818 1822 1057 1899 concretionem
1079 1824 1151 1884 oeri-

271 1928 320 1986 tas
336 1928 407 1987 tna:
427 1923 567 2006 laniasti
590 1928 714 2001 terrain,
736 1928 766 1987 et
787 1927 958 2003 permanet.
1005 1924 1060 1986 Ps.
1090 1921 1151 1987 118.

432 2172 470 2234 4.
494 2168 645 2257 Affectus
669 2169 978 2259 conqrololate'ono‘s.

477 2343 479 2352 ·
548 2308 620 2376 Erga
637 2308 791 2359 infinitatem
809 2308 870 2357 Dei.

309 2431 465 2512 Nonquia
487 2431 626 2498 lanaalit
647 2440 684 2511 te,
709 2434 847 2512 Domine,
874 2436 933 2515 qai,
956 2437 991 2499 in
1015 2438 1150 2515 peccatis

266 2541 431 2617 conceptas
464 2542 525 2615 est,
562 2542 590 2600 at
623 2542 732 2611 nolas,
766 2544 795 2601 et
823 2538 987 2602 nutritas?
1025 2559 1092 2604 non
1113 2545 1150 2604 est

266 2644 348 2706 enim
378 2644 520 2721 speciosa
551 2642 621 2705 lans
650 2645 685 2707 in
718 2660 771 2706 ore
801 2645 989 2723 peccatoris.
1037 2645 1149 2709 Loolet

265 2751 294 2810 te
312 2745 444 2809 Domine
459 2744 544 2809 Dens
562 2764 657 2823 mens,
679 2746 997 2827 inconpretenstlitts
1016 2751 1148 2828 potentio

264 2855 328 2929 tna,
349 2850 680 2930 incircumscriptibilis
705 2852 861 2929 snpientia
884 2856 953 2928 loo,
988 2857 1020 2914 et
1044 2851 1146 2934 'ineffa-

264 2953 333 3016 bilis
352 2953 474 3015 bonitas
496 2958 559 3015 tna.
596 2950 864 3034 ,Augustsolil
892 2971 918 3017 o.
943 2952 995 3034 10.

309 3054 442 3136 Maenas
465 3055 617 3120 Dominus
640 3062 670 3120 et
700 3057 867 3137 laetabilis
885 3060 1002 3121 nintis:
1039 3066 1069 3123 et
1089 3078 1147 3124 no·

260 3161 429 3241 anitolinis
452 3163 519 3237 cjns
542 3179 604 3226 non
634 3168 679 3226 est
699 3160 781 3247 linis.
824 3160 946 3223 Psalm.
972 3161 1048 3228 144.

307 3263 349 3328 Tn
375 3252 459 3327 Deos
485 3281 585 3339 meno,
616 3270 646 3328 et
673 3270 780 3330 omnio
803 3271 894 3339 oneo,·
926 3264 1017 3343 Deus
1050 3271 1144 3334 corto

262 3372 329 3441 mn,
349 3374 377 3431 et
398 3383 476 3449 pois
497 3384 567 3431 neo
591 3368 675 3433 Dens
694 3372 727 3433 in
750 3375 918 3461 aeternnm.
966 3367 1108 3437 Auctor.

304 3473 388 3537 Laos
411 3478 472 3549 tna,
489 3470 629 3561 Domine,
654 3476 686 3537 tn
701 3475 769 3554 ipse
786 3490 828 3551 es.
860 3470 947 3553 Aug.
965 3474 1041 3543 Sol.
1059 3476 1144 3544 o.10.
