2817 4317
266 568 328 637 186

264 763 488 846 imperfectum
511 781 630 843 meum,
654 769 800 845 teporem
823 767 857 826 et
879 762 1068 847 languores

264 886 336 933 mae
359 887 465 931 meae:
496 876 529 931 et
562 886 625 950 ego
650 887 691 931 ex
716 873 810 949 parte
833 884 1027 947 cognosco,
1060 890 1074 933 a

265 973 371 1037 animo
402 992 472 1037 cum
501 972 622 1055 gemitu
646 970 811 1036 confiteor.
857 969 936 1035 Scio
961 992 1017 1036 me
1043 994 1074 1059 pa

265 1076 462 1160 profecisse,
504 1084 537 1140 et
569 1075 678 1140 lumini
710 1094 750 1140 ac
779 1074 912 1157 gratiae
940 1078 1033 1142 mihi
1067 1101 1074 1142 i

265 1181 447 1246 manicatae
479 1198 542 1245 non
575 1187 608 1243 ut
637 1185 780 1263 pareat
803 1180 1032 1261 reapondisse.

264 1284 480 1369 negligentias
504 1304 593 1349 meas
612 1284 730 1349 multas
751 1302 790 1348 ac
805 1302 942 1365 magnas
953 1305 963 1366 ;
989 1296 1026 1349 et
1045 1305 1074 1351 oi

265 1398 391 1455 tamea
415 1408 497 1470 quae
521 1389 633 1453 nescio
657 1388 864 1471 pertimesco.
907 1384 951 1450 Et
987 1388 1070 1456 ideo

263 1495 366 1558 intres
387 1493 420 1555 in
436 1492 592 1576 judicium
616 1514 687 1560 cum
709 1511 810 1557 servo
835 1501 907 1571 tuo;
930 1511 1046 1575 neque
1069 1506 1074 1559 t

264 1597 376 1679 ipsius,
392 1596 540 1679 justitiae
563 1604 638 1662 tuae
665 1598 783 1662 trutina
815 1595 955 1680 pendas:
1001 1599 1065 1663 sed

264 1700 372 1784 pende
394 1701 425 1764 ei
446 1702 584 1785 pretium
608 1700 777 1785 sanguinis
796 1702 851 1781 tui,
872 1707 904 1764 et
927 1720 970 1763 ex
997 1702 1074 1767 imm

265 1804 449 1867 meritorum
497 1813 621 1871 tuorum
655 1807 809 1870 thesauro
845 1806 962 1889 supple
1006 1809 1074 1874 defi

265 1926 398 1991 operum
423 1907 513 1991 ejm,
536 1918 569 1975 et
594 1910 691 1992 imple
716 1930 896 1974 mensuram
910 1910 1074 1993 justitiae

265 2031 337 2077 oum
372 2011 489 2077 fiducia
523 2015 554 2076 in
582 2032 700 2097 magno
724 2015 780 2078 illo
805 2014 857 2077 die
880 2021 936 2077 tuo
959 2024 1057 2083 stare

264 2117 306 2181 sit
330 2125 403 2181 ante
426 2120 563 2182 tribunal
587 2128 682 2199 tuum,
702 2126 736 2182 et
750 2118 941 2183 sententiam
958 2121 1074 2188 illam

265 2238 335 2285 cum
366 2222 485 2286 ceteris
513 2222 671 2286 laetanter
698 2222 865 2303 excipere:
915 2223 1027 2289 Venite
1062 2227 1074 2291 l

264 2329 337 2391 dicti
360 2327 462 2391 Petris
484 2332 553 2407 met,
576 2329 729 2409 possidete
746 2333 893 2408 peratum
911 2327 1003 2393 vobis
1027 2350 1074 2413 reg

264 2450 285 2494 o
307 2435 521 2496 constitutione
541 2433 655 2495 mccii.
703 2428 816 2493 Amen.

264 2671 497 2765 subjunguntur
520 2668 728 2765 jaculatoriae
759 2668 1017 2759 precatiunculae
1051 2674 1074 2745 a

494 2777 547 2846 tae
574 2774 606 2845 in
628 2772 681 2843 ria
703 2771 922 2843 illuminativa

455 2938 510 2987 Pro
529 2938 644 3005 generali
663 2937 789 2987 virtutum
807 2940 957 3001 augmento.

308 3061 393 3140 Dici,
408 3082 491 3128 coac
510 3068 603 3143 coepi.
636 3064 686 3128 oe
704 3063 789 3143 mili,
803 3062 943 3143 Domine,
955 3067 1074 3133 intelle

262 3169 292 3228 et
314 3168 423 3230 alvom.
468 3165 584 3229 Psalm.
609 3164 660 3229 76.
686 3164 758 3231 118,

258 3282 266 3288 ·
311 3268 385 3333 Viae
408 3275 494 3346 teos,
522 3260 662 3347 Domina,
687 3271 863 3334 demonstro
885 3271 981 3351 mili,
1011 3280 1041 3338 et
1065 3292 1074 3338 a

262 3380 312 3440 toa
330 3379 402 3438 teca
424 3374 516 3438 edoce
534 3392 592 3436 me.
636 3372 753 3437 Psalm.
778 3374 828 3437 24.

303 3476 415 3540 Emitte
427 3476 524 3539 lacem
538 3481 622 3540 tuom
639 3481 668 3539 et
684 3480 843 3541 ceritatem
861 3481 968 3541 tuom:
997 3485 1072 3563 ipsc
