2817 4317
1042 593 1103 662 149

221 785 304 849 dunt
332 792 363 848 et
390 783 583 865 diffundunt,
621 805 692 851 oum
725 788 808 852 baeu
843 788 914 853 sole
946 790 988 853 sit
1015 789 1103 855 illius

220 889 338 971 regula
369 896 402 954 et
428 908 595 972 mensura3
630 911 725 974 quam
760 892 841 955 enim
865 894 958 956 aliam
985 895 1105 958 babeat

220 1012 404 1058 mensnram
427 1000 573 1075 potestas
601 996 769 1071 immensa,
797 992 859 1056 nisi
890 994 1104 1058 immensam?

222 1098 307 1160 Hine
337 1115 400 1160 non
431 1096 534 1159 minus
567 1118 606 1161 ea
642 1105 735 1163 tenes
767 1106 800 1160 et
830 1097 984 1181 possides
1019 1117 1104 1180 quae

221 1219 286 1264 nou
321 1210 393 1264 sunt
425 1210 498 1265 actu
524 1203 554 1264 in
589 1223 663 1267 esse
694 1203 870 1287 produota‚
903 1221 997 1282 quarn
1020 1220 1103 1281 quae

221 1324 298 1367 esse
327 1313 359 1367 et
387 1305 527 1388 speeiem
565 1308 705 1372 exterius
737 1314 939 1388 aeceperunt.
983 1305 1106 1369 Delite·

221 1416 320 1473 sonut
343 1410 426 1472 enirn
450 1410 479 1473 in
503 1412 665 1494 thesauris
685 1412 849 1495 potentiae
871 1417 904 1472 et
926 1409 1107 1491 sapientiae

221 1520 308 1593 luae,
331 1519 365 1577 et
381 1513 423 1577 ad
448 1516 606 1579 minimum
627 1524 734 1580 nutum
751 1524 836 1579 tuum
860 1515 892 1577 in
916 1532 990 1576 esse
1013 1514 1101 1577 foras

222 1616 408 1698 prosilient,
441 1626 474 1681 et
506 1619 626 1684 dioent:
663 1621 814 1685 adsumus
847 1618 888 1683 ad
912 1617 1101 1698 obsequium

219 1728 317 1781 tuum.
361 1719 581 1804 Noniodiges
602 1723 751 1790 laudibus
780 1733 813 1788 et
847 1722 1011 1804 obsequiis
1044 1738 1102 1785 no·

218 1825 314 1888 stris:
338 1825 366 1888 si
390 1826 471 1889 enim
496 1827 594 1904 velis,
621 1828 732 1892 infiniti
754 1830 810 1893 tibi
833 1845 907 1891 mox
930 1832 1103 1908 suppetent

216 1929 346 2008 famuli,
377 1930 429 2011 qui
462 1930 757 2013 incomparabiliter
790 1940 823 1995 te
845 1931 957 1994 melius
980 1931 1099 2007 uolent,

218 2040 254 2096 et
277 2032 360 2096 omni
383 2033 479 2098 laude
503 2035 680 2101 eelebrent.

265 2136 444 2217 loquitor,
468 2138 606 2217 Domine,
627 2145 661 2205 iu
682 2140 742 2204 lios
770 2142 924 2220 polentiae
945 2145 1024 2214 tuus,
1044 2138 1103 2202 ibi·

217 2258 278 2325 que
299 2248 425 2322 stupens
455 2248 484 2306 et
513 2241 645 2325 elinquie
667 2247 819 2326 meipsum
840 2244 985 2325 deperio,
1004 2248 1037 2307 ul
1058 2245 1103 2306 ei-

219 2347 349 2411 lentium
369 2364 472 2410 meum
491 2348 635 2429 loquutur
658 2351 727 2431 tibi,
756 2352 913 2431 animique
932 2350 993 2412 mei
1024 2352 1103 2412 utto·

220 2454 279 2515 niti
298 2452 465 2515 admiratio
487 2458 516 2516 te
537 2451 650 2533 laudet,
673 2461 702 2519 et
720 2456 864 2535 deinceps
882 2457 1006 2519 omniuo
1028 2470 1103 2518 eon·

185 2569 190 2580 ’
216 2554 297 2635 *fidat
318 2559 382 2619 tom
407 2555 581 2621 incredibili
600 2561 754 2638 potestati.

503 2800 757 2863 CONSlDEliATlO
780 2802 824 2862 lV.

359 2938 407 3003 lle
426 2940 502 3019 lieo,
526 2945 558 3004 ut
580 2946 627 3005 est
648 2939 801 3023 resuqium
818 2947 967 3009 nostrum.

264 3076 390 3141 Dicitur
411 3076 563 3159 resupium
593 3085 749 3160 nostrum,
775 3078 800 3146 1.
832 3080 907 3162 quia
938 3080 969 3142 in
1002 3082 1103 3144 omni-

222 3185 284 3246 bns
308 3179 536 3245 afflictionibus
556 3182 649 3245 animi
675 3191 708 3247 et
731 3184 889 3271 eorporis,
910 3185 941 3247 in
959 3185 1103 3249 omnibus

221 3285 462 3363 tentationibus,
485 3285 517 3348 in
541 3285 687 3348 omnibus
710 3287 881 3369 perieulis,
903 3289 933 3350 iu
957 3289 1103 3352 omnibus

220 3359 384 3472 aflgustiis
404 3396 438 3453 et
452 3388 715 3471 necessitatibus,
738 3392 866 3472 qnando
883 3391 1011 3455 aliunde
1026 3395 1103 3456 sub·

220 3494 336 3558 sidium
359 3500 394 3559 et
416 3512 510 3577 opem
534 3512 598 3560 uon
621 3513 806 3579 speramns,
838 3497 991 3560 babemus
1011 3496 1102 3561 refu·
1213 3539 1215 3543 -
