2817 4317
326 548 390 614 264

324 749 357 803 et
380 740 558 819 elementis,
581 739 612 803 in
636 738 826 803 animalibus
850 744 883 799 et
905 736 1041 818 plantis,
1069 739 1100 803 in
1127 760 1207 822 gem·

323 843 391 921 mis,
415 852 447 906 et
470 843 672 925 margaritis,
706 853 740 906 et
763 840 883 907 ceteris
906 839 1005 905 rebus
1046 843 1209 907 omnibus:

324 944 429 1007 omnia
461 947 542 1008 enim
572 965 661 1009 suam
695 944 965 1029 pulchritudinem
1003 954 1040 1010 ot
1070 947 1210 1030 speciem

322 1057 385 1111 tam
408 1049 563 1112 internam
588 1068 680 1130 qnam
704 1058 888 1125 externam,
918 1057 982 1112 tam
1016 1051 1208 1115 sensibilem

323 1171 417 1234 quam
440 1152 685 1235 intelligibilem,
709 1154 749 1217 ab
772 1152 855 1234 ipso,
877 1170 937 1234 por
960 1151 1068 1235 ipsius
1084 1153 1210 1237 sapien·

322 1256 397 1317 tiam
427 1265 633 1338 acceperunt.

366 1357 448 1422 Sunt
470 1370 576 1422 antem
591 1363 707 1440 septem
727 1360 845 1440 produn
860 1348 1118 1440 pulchritudiuis.
1148 1361 1209 1427 Pri·

321 1479 391 1526 uuus
423 1471 456 1525 et
487 1460 614 1525 iniimus
639 1471 690 1525 ost
715 1462 922 1543 pulchritudo
946 1470 1109 1545 externa,
1135 1483 1210 1548 quan

323 1564 466 1628 cernitur
489 1566 609 1647 oculis,
643 1574 677 1629 ut
709 1566 740 1628 in
764 1566 900 1647 gemmis
934 1572 967 1629 et
992 1564 1145 1632 -floribus
1182 1568 1209 1631 in

324 1668 437 1750 specio
457 1676 489 1731 ot
511 1670 614 1733 forma
639 1667 832 1746 animalium,
859 1667 891 1729 iu
910 1666 988 1730 viris
1013 1675 1047 1731 et
1075 1670 1210 1749 feminis,

322 1771 352 1833 in
376 1770 491 1851 stellis,
515 1770 599 1851 luna,
623 1770 695 1833 sole
712 1776 773 1833 otc.
816 1768 907 1834 Haeo
921 1776 974 1833 est
989 1771 1210 1852 pulchritudo,

322 1891 415 1953 quam
432 1873 585 1937 mortales
600 1881 770 1955 tantopere
786 1873 942 1936 mirantur
960 1879 995 1935 ot
1020 1885 1208 1958 sequuntur.

365 1977 526 2041 Secundus
548 1975 671 2057 gradus
696 1982 746 2038 est
768 1974 799 2037 in
822 1971 1071 2060 pulchritudine
1089 1979 1208 2045 iuterna

323 2096 432 2142 earnm
451 2081 635 2161 formarum,
657 2077 744 2141 unde
770 2078 978 2162 pulchritudo
1000 2080 1059 2145 illa
1077 2092 1208 2150 externa

321 2190 500 2266 promanat.
545 2182 633 2247 Haeo
667 2181 969 2265 incomparabiliter
1006 2184 1121 2270 major
1158 2196 1208 2265 est

322 2294 354 2349 et
377 2286 562 2365 mirabilior,
585 2288 658 2369 quia
682 2287 714 2350 in
738 2286 876 2369 simplici
898 2287 1004 2351 forma
1031 2299 1070 2354 et
1095 2291 1207 2357 virtuto

322 2389 475 2455 ineffabili
511 2389 606 2455 modo
641 2391 827 2456 continetur
861 2399 930 2454 tota
961 2389 1019 2454 illa
1056 2396 1206 2474 uarietas,

321 2511 404 2574 quae
436 2494 579 2557 exterius
611 2494 640 2556 in
672 2493 824 2575 floribus,
859 2493 990 2575 plantis,
1024 2497 1205 2563 animalium

320 2598 510 2680 structuris,
535 2596 707 2685 'coloribus
730 2607 764 2662 ct
782 2597 905 2680 figuris,
928 2597 1077 2681 aliisquo
1099 2603 1132 2666 in
1159 2622 1204 2667 ra·

317 2701 377 2763 bus
404 2709 550 2783 apparet.
596 2698 707 2765 Sinin
731 2702 848 2766 virtute
872 2700 1003 2766 seminis
1020 2709 1203 2772 continetur

320 2810 388 2867 tota
411 2813 588 2887 structura,
624 2804 769 2888 figurae,
802 2815 834 2869 et
855 2804 986 2870 colores
1020 2807 1202 2890 plantarum

320 2916 353 2970 et
375 2906 567 2971 animalium.
743 2889 756 2914 ⁸
1157 2961 1159 2966 .

364 3012 484 3077 Tertius
506 3011 627 3095 gradus
644 3011 894 3093 pulchritudinis
910 3018 961 3075 est
985 3012 1016 3074 in
1042 3016 1122 3079 vitis
1140 3016 1201 3082 ani·

319 3115 457 3193 malium,
477 3135 535 3178 seu
553 3114 720 3179 animabus
734 3114 967 3195 sentientibus3
991 3114 1023 3179 iu
1041 3138 1108 3182 uua
1127 3119 1201 3183 enim

318 3219 454 3302 simplici
476 3221 579 3285 forma
596 3220 777 3283 continetur
795 3219 844 3281 vis
859 3238 1021 3297 sensuum,
1046 3222 1104 3287 vis
1129 3225 1200 3288 ima·

318 3322 500 3404 ginationis,
523 3330 556 3386 et
578 3324 743 3405 appetitus
770 3322 927 3387 sensitivi.
973 3323 1071 3401 Quae
1097 3330 1200 3394 omnia

318 3434 391 3490 sunt
412 3426 457 3489 ita
480 3426 700 3511 admirabilia,
734 3436 881 3494 ut'mens
904 3431 1047 3498 humana
1067 3453 1110 3501 ue
1133 3454 1202 3504 ocu·
