2817 4317
671 794 857 854 panormo.
967 848 970 857 ,

376 924 431 989 Ad
454 916 560 990 Derim
582 937 620 990 ut
639 949 753 991 rerum
776 929 916 990 omnium
940 930 1157 1016 principium.

528 1062 569 1117 llx
586 1060 634 1117 lib.
653 1063 678 1118 3.
697 1062 729 1115 do
746 1059 858 1130 Perfert.
877 1074 938 1147 eap.
959 1060 984 1115 4.

363 1191 411 1292 To¹
439 1194 627 1271 principium
666 1190 781 1270 obsone
811 1192 895 1254 omni
937 1176 1110 1284 principio.
1171 1190 1205 1254 lu

327 1297 464 1361 omnium
486 1296 712 1376 principiorum
731 1296 864 1387 inomni
884 1309 1003 1374 ponere,
1025 1297 1144 1375 speeie,
1164 1297 1205 1358 in·

324 1400 456 1476 dividuo,
478 1396 710 1479 fondamentolo
728 1399 926 1479 principium.
1051 1414 1055 1421 ·

368 1502 414 1565 Tu
438 1502 542 1566 omnis
566 1503 714 1567 motionis
743 1510 805 1566 tam
836 1498 992 1582 spiritalis
1015 1518 1118 1581 qnam
1141 1520 1204 1566 nor·

324 1604 450 1689 perulis
482 1606 586 1686 prima
616 1614 648 1669 et
679 1626 832 1688 suprema
864 1605 966 1687 origo.
1011 1604 1108 1670 Nihil
1130 1606 1207 1670 enin

324 1707 361 1773 fit
397 1708 570 1774 visibiliter
604 1711 635 1773 in
669 1712 732 1777 bae
769 1712 866 1774 totins
904 1716 1078 1774 creaturae
1113 1712 1208 1778 veluti

235 1883 238 1901 ἦ
324 1814 520 1895 amplissima
555 1814 739 1897 republica,
773 1814 858 1895 quod
891 1833 953 1878 non
987 1815 1030 1877 ab
1053 1814 1208 1881 invisibili
1251 1865 1252 1870 1

325 1918 399 1982 aula
421 1919 534 1983 summi
557 1920 782 2002 imperatoris,
813 1919 988 1998 seomdnm
1011 1919 1209 1994 ineffabilem

327 2023 582 2089 distributionem
606 2024 762 2090 donorum
787 2031 819 2086 et
842 2022 1035 2104 gratiarnm,
1067 2026 1209 2106 praemi·

319 2146 417 2192 orum
440 2135 472 2191 et
502 2148 693 2213 poenarum,
729 2130 882 2193 bonorum
915 2127 1153 2209 etmalorum,
1182 2138 1209 2193 et

327 2218 510 2315 ceterarum
535 2232 630 2316 hujus
655 2232 742 2323 vitae
765 2230 1042 2313 vicissitudinum,
1084 2235 1140 2297 vel
1160 2233 1208 2317 jn·

324 2337 448 2418 beatur,
470 2337 523 2399 vel
547 2336 758 2417 permittatur.

369 2439 469 2524 Apud
494 2448 525 2504 te
549 2460 656 2504 rernm
679 2438 818 2503 omnium
842 2438 1036 2527 mutabilium
1060 2440 1209 2507 immuta·
1251 2516 1252 2528 χ

203 2599 206 2603 ,
325 2544 407 2609 biles
429 2544 676 2624 enarrationes,
699 2550 730 2607 et
754 2543 890 2607 omnium
912 2544 1140 2623 temporalium
1156 2567 1208 2611 ae·

325 2657 438 2713 ternae
460 2657 547 2721 stant
569 2648 724 2730 origines.
762 2644 872 2711 Semel
892 2654 967 2710 ante
989 2648 1128 2713 saecula
1143 2669 1208 2714 om·

324 2753 375 2816 nia
386 2753 535 2832 ,statuisti
548 2755 590 2817 de
605 2753 765 2833 omnibns,
787 2747 1035 2833 semel'dixisti3
1060 2763 1157 2817 etex
1180 2754 1207 2815 vi

328 2858 424 2942 hujus
454 2847 566 2923 statuti
599 2864 788 2942 promuntur
817 2865 850 2919 et
874 2856 1106 2939 dispensantur
1137 2880 1208 2922 sae·

324 2962 416 3041 oute,
446 2971 484 3028 et
518 2982 602 3045 quae
633 2982 694 3045 per
716 2959 919 3025 saeonlornm
943 2953 1118 3025 deoursnm
1144 2963 1209 3027 suis

325 3067 495 3133 momentis
532 3074 565 3130 et
605 3066 686 3131 loeis
720 3065 751 3128 in
783 3065 886 3129 lueem
921 3065 1060 3131 veniunt.
1121 3067 1209 3131 Ordo

324 3180 505 3252 temporum
528 3170 615 3253 apud
637 3169 678 3233 de
701 3169 771 3233 sine
795 3178 941 3251 tempore
965 3175 1034 3249 est;
1063 3189 1128 3235 neo
1152 3172 1209 3236 ali·

323 3294 385 3356 qua
409 3274 463 3338 tibi
487 3280 559 3337 sunt
583 3291 677 3353 nova,
702 3274 756 3356 qui
772 3272 842 3357 jam
875 3276 915 3337 ab
940 3279 1075 3339 aeterno
1100 3276 1209 3341 fecisti

323 3379 430 3445 omnia
463 3398 547 3462 quae
578 3379 686 3443 futura
714 3387 799 3443 sunt.
843 3379 971 3456 Fecisti,
1004 3378 1209 3463 inquam,in

321 3482 618 3573 praedestinatione
651 3490 723 3565 tua,
752 3482 785 3547 in
817 3482 951 3549 deoreto
983 3490 1039 3547 tuo
1069 3483 1210 3571 jubente
