2817 4317
324 574 386 645 116

322 764 417 851 nujus
438 768 607 853 onpeoitas
631 768 799 852 immensa,
823 767 916 853 enjus
939 769 1089 852 dignitas
1114 790 1206 855 super

324 870 476 955 Angelis,
496 872 659 957 perficere
682 876 737 940 vel
760 877 890 944 satiare.
935 874 1031 953 Quod
1053 896 1144 962 engo
1164 886 1206 958 est

323 997 437 1045 verum
466 981 584 1043 bonum
614 982 787 1046 nostrum?
838 982 915 1063 (init
946 981 1092 1047 ostendet
1125 983 1205 1049 nobit

324 1081 431 1148 bono?
453 1085 608 1165 siqnntnm
636 1088 682 1149 est
705 1102 801 1166 snper
821 1101 881 1149 nos
901 1083 1004 1148 innon
1026 1084 1139 1175 onbne
1159 1090 1205 1167 toi,

327 1185 474 1262 Domina·
496 1187 607 1253 dedisti
628 1188 785 1253 laetitiam.
803 1191 835 1252 in
858 1188 950 1254 cordo
970 1206 1049 1278 meo.
1098 1188 1204 1255 Solon

323 1290 431 1354 lumen
454 1290 540 1356 fidei,
554 1292 617 1356 hoo
639 1294 754 1357 bonnm
778 1292 871 1356 nobis
886 1292 1065 1357 ostendere
1090 1304 1204 1378 potest,

323 1400 360 1459 ot
380 1381 463 1459 viam
487 1358 549 1477 qffa
565 1395 608 1459 ad
622 1394 701 1461 illud
719 1394 922 1479 pervenitur:
944 1383 1039 1479 enjus
1063 1398 1118 1463 roi
1132 1418 1204 1485 oo&

323 1496 401 1562 nitio
424 1497 644 1565 incredibilem
668 1502 774 1565 auimo
796 1499 951 1564 laetitiam
966 1497 1088 1567 adfert.
1128 1502 1204 1583 out

325 1603 411 1667 euim
437 1604 613 1687 optabilius
642 1622 737 1689 qnam
766 1621 864 1668 nosse
894 1591 1047 1667 summum
1093 1606 1205 1673 bonon

325 1704 486 1789 finemque
522 1708 681 1787 ultimum,
719 1714 753 1773 et
788 1712 902 1772 tenere
938 1705 1024 1772 viam
1060 1712 1205 1782 eonion·

325 1828 407 1874 mem
441 1829 505 1892 qua
534 1812 578 1877 ud
605 1812 685 1877 illud
716 1811 929 1896 pervenitur?
964 1811 1036 1876 sine
1059 1810 1131 1881 luae
1153 1831 1204 1880 no·

323 1913 405 1993 titia,
426 1915 529 1979 omnis
552 1917 619 1982 alie
642 1915 803 1999 sapientie
822 1915 963 1995 inutilis,
987 1917 1052 1982 neo'
1076 1918 1205 2003 eapien-

320 2017 387 2082 tiae
409 2018 537 2083 nomine
562 2016 671 2101 digna.
996 2035 1000 2064 ⁴-

364 2120 434 2185 llao
466 2139 576 2187 omues
599 2123 647 2187 illi
681 2121 802 2203 antiqui
832 2121 1017 2205 philosophi
1058 2124 1204 2194 destituti

320 2223 427 2307 inere,
465 2233 499 2289 et
531 2226 609 2292 ideo
646 2213 846 2291 evanuerunt
882 2225 915 2289 iu
949 2226 1204 2314 oogitationibut

293 2320 294 2323 '
322 2329 400 2409 suis,
422 2329 501 2392 nihil
524 2329 684 2395 oommodi
707 2351 750 2394 ex
773 2331 920 2394 omnibus
943 2330 1011 2394 suis
1037 2335 1205 2401 studiisst

321 2430 486 2497 laboribus
511 2441 727 2516 reportantes.
761 2435 851 2515 ,θυῖε
873 2437 955 2499 onim
975 2438 1065 2500 nouit
1081 2456 1205 2507 tantun

320 2533 461 2617 Domini,
483 2540 546 2602 nisi
566 2542 695 2620 spiritns
717 2539 850 2619 Domini,
873 2541 925 2621 qni
947 2534 1117 2606 sorntdtnr
1136 2561 1204 2626 pon

320 2636 420 2720 fondo
443 2642 520 2722 Dei,
553 2663 613 2726 per
645 2664 730 2726 qnae
762 2645 854 2707 nobis
884 2642 946 2707 hoo
975 2642 1127 2711 abditum
1152 2646 1205 2713 Dei

322 2744 490 2827 eonsilium
514 2757 566 2810 est
587 2746 793 2811 revelatum‘i
837 2746 1030 2834 Benedicent
1058 2754 1116 2829 te,
1145 2738 1204 2815 lio·

321 2847 420 2929 mine,
450 2850 539 2931 coeli,
569 2855 671 2935 torro,
694 2869 798 2931 more,
820 2857 849 2916 at
871 2852 976 2916 omnio
999 2868 1087 2932 qnae
1112 2857 1149 2922 in
1165 2858 1206 2921 m

321 2957 413 3017 ennt:
443 2954 568 3020 tondent
597 2959 627 3021 et
660 2955 888 3035 ennareaoitent
921 2962 953 3017 te
985 2957 1020 3020 in
1055 2959 1205 3026 samon:

324 3058 402 3140 quia
427 3066 502 3123 ante
530 3059 637 3124 omnia
660 3058 792 3121 saeoule
816 3058 872 3121 tibi
896 3076 976 3122 eura
997 3058 1059 3123 fnit
1085 3062 1130 3128 de
1153 3081 1205 3128 no·

322 3160 383 3242 bis,
407 3167 441 3225 et
462 3163 494 3225 in
517 3162 621 3244 primo
640 3162 807 3227 Trinitatis
830 3170 904 3226 tuae
926 3163 1129 3232 consistorio
1153 3170 1203 3234 bt·

316 3263 542 3346 uiguissirnom
563 3268 605 3330 de
627 3267 722 3331 nobis
744 3265 911 3332 eonsilium
935 3268 1064 3351 cepisti,
1091 3278 1127 3335 nt
1151 3289 1203 3337 nos

321 3366 497 3433 divinitatis
520 3377 616 3451 tuae,
635 3372 838 3456 omniumque
868 3374 1030 3453 bonorum,
1053 3382 1091 3440 et
1123 3395 1201 3460 geu·

295 3471 442 3537 ,diorum
475 3480 602 3539 tuorum
632 3476 761 3542 laoeres
796 3476 986 3561 partieipes.
1033 3475 1119 3556 Quis
1143 3498 1200 3547 nou
