2817 4317
264 569 328 637 198
431 576 434 584 ’

264 762 327 826 ctis
349 759 429 824 viris
452 759 485 822 in
508 777 618 823 eorum
640 760 805 824 ecstaticis
821 764 1149 847 contemplationibus

264 863 476 947 objiciuntur3
510 870 543 926 et
576 862 669 926 simul
699 870 811 946 potest
841 865 873 927 in
903 868 1027 932 eadem
1052 870 1148 933 anima

264 969 409 1034 excitare
432 966 679 1032 ardentissimos
704 974 796 1033 actus
820 970 959 1052 amoris,
986 972 1102 1053 gaudii
1122 979 1148 1035 et

264 1073 510 1152 delectationis,
542 1080 575 1135 et
604 1091 734 1136 sensum
769 1072 929 1154 quendam
969 1083 1083 1141 tactus
1116 1094 1148 1139 ao

263 1186 378 1262 gustus
409 1177 581 1241 suavitatis
616 1185 648 1240 et
671 1176 856 1241 dulcedinis
876 1176 1029 1258 divinae,
1059 1189 1147 1262 atqua

263 1283 346 1349 adeo
378 1282 480 1365 ipsius
511 1280 651 1344 deitatis.
704 1281 783 1345 Item
817 1300 946 1346 sensum
981 1282 1146 1367 cujusdam

260 1386 498 1452 annihilationis
522 1385 572 1449 sui
595 1393 628 1449 et
650 1387 808 1449 transitus
832 1386 864 1449 in
888 1385 1070 1470 dilectum,
1100 1387 1146 1452 vel

262 1493 293 1556 in
317 1512 407 1556 snum
432 1490 632 1574 principium,
654 1490 708 1553 vel
728 1490 942 1554 demersionis
959 1490 994 1555 in
1013 1493 1146 1575 pelagos

264 1595 424 1678 quoddam
449 1594 654 1659 deliciarum:
680 1603 831 1658 cessante
851 1594 981 1658 interim
999 1615 1146 1659 sensuum

264 1699 450 1765 inferiorum
481 1699 604 1777 officio,
634 1707 668 1761 et
690 1718 750 1761 usu
773 1698 877 1763 libero
899 1698 1163 1785 imaginationis„

266 1803 469 1883 intellectus,
507 1809 540 1865 et
574 1802 760 1866 voluntatis.
806 1803 897 1867 'l'alia
930 1804 1068 1886 plurimi
1097 1803 1148 1869 llei

267 1908 361 1973 amici
380 1927 481 1990 saepe
498 1907 718 1989 experiuntur,
742 1927 811 1972 cnm
835 1925 958 1972 summo
983 1909 1017 1971 in
1041 1908 1150 1992 cogni·

267 2014 355 2077 tione
389 2022 422 2076 et
455 2029 567 2075 amore
590 2009 650 2072 Dei
686 2010 801 2091 suique
834 2009 1058 2092 despicientia
1081 2031 1151 2096 prc-

265 2119 362 2194 lectu,
387 2117 501 2198 quiex
524 2112 710 2196 hujusmodi
732 2114 969 2180 visitationibus
995 2118 1152 2199 seqnitur.

307 2220 410 2286 Simili
438 2220 507 2283 fere
536 2217 634 2282 modo
666 2226 823 2301 peractae
855 2238 969 2284 omnes
1005 2222 1153 2288 visiones

268 2323 503 2409 propheticae,
540 2321 610 2386 Deo
644 2323 806 2388 formante
839 2322 870 2386 in
901 2323 1085 2406 phantasia
1107 2325 1154 2392 vel

265 2428 429 2492 intellectu
462 2425 698 2509 Prophetarum
735 2427 845 2491 varios
879 2433 975 2492 actus
1012 2430 1156 2496 vitaliter

265 2536 552 2615 repraesentantes
575 2530 610 2597 id
632 2532 719 2613 quod
750 2532 824 2615 ipse
855 2531 990 2596 volebat
1026 2535 1156 2599 abillis

268 2635 413 2719 concipi,
447 2635 518 2699 sive
552 2636 584 2700 id
616 2635 711 2699 fieret
746 2656 807 2718 per
836 2634 967 2699 modum
1008 2636 1156 2720 visionis,

266 2742 337 2806 sive
359 2760 421 2823 per
443 2741 571 2805 modum
606 2739 800 2820 auditionis,
834 2738 904 2803 sive
937 2758 1002 2820 per
1025 2746 1154 2809 modun

266 2845 421 2911 odoratus
444 2844 690 2910 odorissuavis
713 2844 767 2908 vel
791 2842 884 2925 tetri,
904 2843 978 2907 sive
1002 2866 1070 2929 per
1093 2866 1155 2913 mc·

267 2950 340 3032 dnm
364 2956 490 3032 gustus,
512 2948 585 3014 sive
608 2967 668 3032 per
696 2948 825 3013 modum
849 2954 965 3012 tactus.
1012 2950 1155 3017 Possunt

267 3054 351 3119 enim
371 3054 521 3119 omnibus
536 3054 587 3118 his
607 3053 711 3118 modis
734 3061 827 3118 actus
843 3051 958 3116 interni
981 3052 1015 3116 in
1040 3058 1153 3137 anima,

266 3159 362 3222 etiam
395 3158 428 3221 in
468 3159 616 3242 portione
646 3158 823 3243 superiori,
861 3155 1001 3222 excit-ari
1032 3178 1055 3223 a
1081 3160 1154 3227 Dec·

266 3260 422 3345 Exempla
444 3261 599 3326 habemns
633 3262 769 3345 plurima
801 3268 865 3325 tum
899 3261 933 3325 in
968 3265 1152 3349 prophetis,

269 3374 334 3433 tum
356 3367 389 3431 in
409 3364 615 3452 Apocalypsi
634 3365 669 3431 S.
691 3366 849 3431 ioannis:
873 3363 959 3428 unde
984 3367 1152 3435 dicuntae

271 3471 410 3553 vidisse,
437 3490 474 3538 se
499 3470 685 3552 audivisse,
709 3476 878 3553 gustasse,
902 3469 1073 3557 tetigisse,
1097 3484 1150 3540 etc
