2817 4317
1074 570 1138 639 285

258 768 300 833 do
325 768 500 852 objectiva,
524 764 618 849 cujus
641 766 770 831 visione
792 773 825 830 et
847 766 999 832 fruitione
1020 772 1053 830 et
1068 767 1139 850 ipse

257 880 292 939 et
313 890 426 938 omnes
446 872 557 937 Sancti
578 879 652 935 sunt
674 872 777 936 beati:
795 872 868 955 ipse
892 873 975 935 enim
999 890 1061 936 uon
1084 889 1139 937 so-

257 978 322 1043 lum
357 985 408 1042 est
441 997 501 1041 suo
538 976 639 1057 visio,
675 996 753 1041 snus
789 995 895 1058 amor,
931 997 1023 1041 sunm
1059 997 1140 1059 gau·

257 1082 364 1164 dium3
381 1081 442 1147 sed
461 1081 557 1146 etiam
573 1088 625 1145 est
640 1099 698 1144 sua
714 1081 873 1161 essentia,
897 1089 930 1144 et
945 1100 1036 1144 suum
1053 1100 1140 1144 sunu-

254 1206 340 1251 mum
363 1187 491 1275 bonnm,
514 1192 547 1249 et
569 1184 742 1269 objectum,
764 1186 796 1248 in
820 1203 883 1267 quo
900 1187 1139 1270 omnebonum,
1223 1217 1226 1226 ·

258 1289 355 1374 cujus
390 1289 519 1354 visione
551 1296 583 1354 et
612 1290 765 1353 fruitione
796 1296 829 1354 et
851 1290 923 1372 ipse
946 1290 1061 1353 beatus
1080 1295 1140 1370 est,

256 1401 292 1459 et
312 1411 426 1459 omnes
442 1392 561 1458 -Saucti
585 1391 818 1456 beatificantur.
863 1393 977 1475 ltaque
999 1392 1073 1475 ipse
1108 1399 1141 1456 et

254 1519 299 1563 ex
322 1507 415 1580 purte
438 1506 545 1588 actus?
564 1504 599 1561 nt
618 1498 668 1585 sic
689 1498 876 1581 loquantet
899 1519 939 1562 ex
961 1507 1058 1581 parte
1078 1498 1138 1562 ob·

248 1600 344 1685 jacti,
365 1620 385 1663 a
407 1620 444 1666 se
466 1602 582 1665 beatus
601 1609 677 1681 ·est;'
695 1609 793 1683 atque
816 1600 969 1680 adeo'est
987 1623 1046 1667 sua
1061 1605 1138 1667 bea-

252 1705 362 1770 titudo
386 1712 450 1769 tam
472 1704 619 1769 formalis
643 1724 738 1797 quam
768 1705 940 1789 objectiva.

263 1819 265 1824 ’
298 1809 330 1874 4.
352 1810 468 1874 Beatos
490 1808 608 1898 dicitnr
631 1815 792 1890 tamquam
812 1817 927 1875 auctor
945 1810 1048 1876 omnis
1065 1812 1141 1874 bea·

254 1912 401 1978 titudinis
431 1897 463 1977 in
486 1910 625 1995 Angelis
656 1920 688 1978 et
712 1905 917 1979 vbominibus.¹
952 1914 1028 1997 lpse
1050 1901 1140 1978 'enim

253 2019 332 2084 illos
354 2016 515 2096 ‚condidit
536 2005 588 2080 ¹ad
620 2016 795 2099 imaginem
833 2025 866 2081 et
901 2018 1140 2090 similitudinem

248 2111 358 2207 sunam,
390 2131 425 2187 ut
446 2140 505 2194 eos
528 2115 735 2186 beatitudinis
759 2141 840 2186 suae
861 2124 985 2188 feceret
1008 2122 1141 2206 partici-

253 2245 336 2310 pes3
368 2225 486 2290 deinde
515 2225 565 2290 eis
585 2226 713 2307 gratiae
746 2226 832 2290 done
859 2227 1138 2328 inluditpquibus

255 2340 392 2415 possent
408 2351 485 2406 eam
507 2331 644 2412 moueri,
675 2329 814 2413 ejusque
837 2349 873 2393 ee
903 2332 1018 2414 dignos
1041 2350 1139 2414 prae·

256 2443 363 2517 otare3
388 2444 420 2500 et
443 2436 736 2519 perseverantibus.-
750 2436 782 2498 in
805 2443 891 2500 statu
914 2437 1041 2520 gratiae
1064 2442 1142 2519 post

255 2546 393 2614 mortem
414 2538 553 2603 infundit
574 2537 682 2603 lninen
713 2539 860 2621 gloriae,
890 2547 930 2603 ut¹
957 2529 1029 2605 euni
1052 2540 1141 2604 clare

255 2631 391 2725 didere,
438 2642 576 2727 ejusque
622 2642 795 2707 dulcedine
834 2652 877 2728 et=
903 2644 1142 2728 pulchritudine

255 2750 317 2813 frui
341 2748 487 2830 possint,
508 2750 543 2815 in
567 2746 683 2830 quibus
698 2743 1006 2813 ¹actibnsc'onsistit
1027 2754 1142 2810 nostra

256 2851 433 2918 beatitudo.
478 2851 585 2930 Quare
609 2852 680 2918 unm
698 2855 801 2918 omnis
822 2852 986 2917 beatitudo
1008 2852 1142 2935 abipso
1249 2918 1251 2921 Α

249 2956 454 3039 descendat,
485 2957 592 3040 sitque
613 2948 821 3041 palticipatio
849 2957 1008 3040 quaedam
1036 2954 1169 3020 beati·.

256 3059 377 3128 tudinis
402 3060 524 3151 ipsius,
555 3077 693 3128 necesse
729 3068 781 3124 est
810 3062 915 3143 ipsum
949 3059 1046 3125 modo
1069 3056 1144 3122 intl-

253 3168 321 3231 nite
344 3165 565 3231 excellentiori
587 3167 714 3231 beatum
733 3184 817 3230 esse.
