2817 4317
261 788 398 848 Precatio
416 789 446 845 u
482 789 527 843 Ad
546 788 661 842 eundem

261 879 303 935 De
331 876 449 933 Dnmiuo
477 892 569 931 rerum
597 876 731 941 omnium,
761 872 876 927 Domino
905 870 1047 926 dominan-

334 966 413 1028 tium.
433 981 501 1037 rege
520 980 626 1035 regum,
647 968 692 1018 eto
694 999 1045 1018 .......
1117 958 1152 1015 53

261 1054 395 1110 Precatio
414 1054 432 1107 1.
468 1052 510 1107 Ad
530 1052 673 1106 Dominum
692 1067 785 1105 rerum
804 1050 925 1104 omnium
979 1087 984 1098 .
1040 1088 1046 1099 .
1117 1046 1152 1101 5⁷

264 1140 398 1196 Precatio
418 1139 449 1194 li.
484 1140 664 1195 Adeuudem
1118 1134 1152 1189 59

265 1230 306 1284 lie
327 1230 385 1283 Deo
404 1228 595 1300 gubernatore
1118 1222 1150 1276 61

264 1313 405 1371 Precatio.
441 1316 485 1371 Ad
504 1315 596 1369 Deum
607 1314 864 1385 gubernatorem.
919 1351 925 1365 .
978 1349 986 1364 .
1040 1350 1046 1362 .
1118 1308 1154 1363 62

598 1456 696 1510 Tertius
712 1471 811 1525 possus.

269 1582 360 1634 Actus
379 1578 447 1649 spei.
484 1577 682 1633 Documentum
736 1616 1047 1632 ......
1119 1573 1153 1630 65

268 1666 467 1723 consideratio
487 1667 521 1720 de
540 1664 733 1719 misericordia
752 1663 802 1718 Dei
860 1706 877 1726 ,Α
920 1704 927 1717 .
982 1704 987 1715 .
1042 1702 1050 1716 .
1120 1662 1154 1719 66

267 1754 407 1811 Precatio.
450 1754 494 1807 Ad
525 1752 746 1808 misericordiam
774 1752 838 1816 Dei,
866 1769 916 1807 seu
945 1751 1049 1822 primus

340 1842 447 1914 gradus
466 1841 675 1896 misericordiae
735 1881 741 1894 .
797 1881 802 1893 .
980 1879 986 1889 .
1041 1876 1048 1891 .
1120 1838 1154 1893 67

268 1930 415 1987 Secundus
434 1928 541 2001 gradus
559 1927 767 1983 misericordiae
800 1965 1048 1981 .....
1120 1926 1155 1981 68

268 2015 380 2072 Tertius
400 2014 505 2086 gradus
524 2015 734 2069 misericordiae
801 2052 1049 2068 .....
1120 2012 1154 2067 69

268 2106 309 2158 De
329 2100 466 2173 patientia
484 2107 513 2156 et
531 2102 744 2175 longanimitate
764 2100 813 2155 iiei
860 2144 865 2155 .
921 2142 927 2154 .
982 2142 989 2153 .
1042 2140 1049 2153 .
1119 2099 1155 2154 72

269 2188 401 2246 Precatio
421 2190 439 2243 1.
464 2191 507 2243 Ad
522 2190 686 2260 patientiam
701 2195 730 2244 et
746 2187 986 2261 longanimitatem
1000 2185 1049 2241 Dei
1120 2187 1155 2240 'ii

269 2280 401 2335 Precatio
421 2280 453 2333 ΙΙ.
489 2280 534 2333 Ad
553 2281 668 2332 eandem
1120 2275 1155 2331 76

269 2369 309 2422 De
328 2364 478 2421 clementia
498 2365 545 2420 Dei
1121 2363 1157 2417 77

269 2454 412 2510 Precatio.
447 2453 489 2507 Ad
510 2454 683 2509 clementiam
704 2452 755 2508 Dei
800 2492 1052 2508 .....
1121 2450 1158 2507 78

269 2544 310 2598 De
332 2543 397 2612 lieo,
416 2545 446 2595 ut
465 2546 510 2594 est
528 2557 592 2611 spes
611 2549 709 2595 nostra
738 2579 1050 2595 ......
1120 2537 1156 2593 84

270 2629 411 2685 Precatio.
448 2629 490 2682 Ad
509 2630 594 2683 Deum
614 2631 643 2680 ut
661 2631 704 2680 est
723 2631 905 2696 spesuostra
984 2668 990 2680 .
1044 2665 1050 2677 .
1120 2622 1156 2681 84

523 2767 656 2820 Terminus
674 2769 732 2821 ciue
749 2769 908 2835 purqctiooe.

272 2890 361 2942 Actus
381 2885 568 2940 contritionis.
605 2889 802 2941 Documentum
863 2928 868 2939 .
925 2928 930 2937 .
985 2925 991 2937 .
1044 2926 1051 2939 .
1120 2886 1156 2941 87

273 2973 471 3031 Consideratio
494 2974 528 3026 de
548 2974 614 3043 Deo,
635 2982 664 3027 ut
682 2980 728 3028 est
747 2976 805 3027 vita
825 2978 921 3027 nostra
985 3014 990 3025 .
1045 3014 1051 3025 .
1122 2974 1157 3027 89

272 3061 412 3118 Precatio.
450 3062 492 3116 ad
513 3061 605 3128 Deum,
625 3069 654 3115 ut
673 3068 718 3115 est
735 3064 792 3115 vita
812 3068 910 3116 nostra
984 3101 989 3111 .
1044 3100 1050 3112 .
1123 3060 1155 3114 91

272 3152 314 3206 De
334 3151 392 3203 Deo
412 3153 573 3220 protectore
619 3188 1051 3203 ........
1123 3148 1157 3202 92

273 3238 412 3293 Precatio.
448 3238 491 3315 Ad
511 3238 595 3290 Dnum
615 3243 806 3307 protectorem
861 3279 868 3291 .
921 3278 927 3289 .
984 3275 990 3288 .
1045 3275 1051 3287 .
1123 3236 1158 3289 96

274 3329 313 3380 De
332 3325 391 3379 Iieo
411 3324 541 3397 adjutore
561 3362 1053 3378 .........
1124 3319 1174 3377 97’

274 3412 413 3468 Precatio.
451 3414 492 3465 Ad
513 3414 596 3467 Deum
615 3412 774 3484 adjutorem
802 3451 1053 3466 .....
1123 3411 1159 3467 98

274 3502 315 3555 De
333 3503 394 3555 Deo
414 3506 592 3571 susceptore*
618 3539 1052 3553 ........
1124 3499 1158 3554 99
