2817 4317
1034 545 1095 640 231

216 733 339 796 tuntate
366 734 435 815 oei,
458 755 521 817 qua
545 737 639 815 velit,
664 738 719 800 vel
742 755 803 801 non
829 737 924 813 volit,
954 754 1025 799 eum
1048 734 1097 797 in·

214 836 335 899 fluxum
358 857 448 901 suum
471 842 668 906 continuare.
700 841 779 903 Hino
798 840 844 916 fit,
867 848 902 903 ut
925 840 1011 903 nulla
1033 859 1096 919 τθε,

214 942 246 1003 in
270 959 364 1022 quam
388 941 475 1006 Deus
495 946 607 1008 statuit
627 965 717 1009 suum
735 943 887 1007 influxunt
903 944 1098 1025 continuare,

215 1044 322 1126 possit
345 1047 464 1128 perire,
485 1057 540 1111 aut
563 1051 594 1112 vi
618 1049 683 1112 ulia
706 1047 871 1114 interimi„
1015 1129 1017 1132 .

260 1150 364 1213 Porro
379 1151 432 1216 hio
450 1151 586 1216 influxus
610 1153 686 1216 nihii
702 1151 865 1233 astutius,
888 1167 982 1232 quam
998 1171 1098 1232 quae·

215 1255 290 1317 dam
313 1256 512 1320 continuatio
534 1259 726 1336 creationis,
758 1257 812 1318 val
834 1256 982 1337 operatio
1006 1274 1098 1318 orea-

215 1359 294 1423 tioni
316 1355 535 1441 aequivalens.
580 1361 686 1437 Unde,
720 1369 752 1425 ut
783 1361 886 1424 sanati
905 1359 1021 1423 Patres
1048 1360 1097 1422 at·

215 1461 356 1541 firmant,
387 1483 448 1529 non
480 1469 609 1544 minoris
640 1470 761 1552 virtutis
789 1472 835 1530 est
855 1466 1003 1530 monitum
1021 1484 1096 1529 onn-

213 1584 349 1644 sarnnrn
374 1586 413 1631 ne
434 1572 468 1632 in
487 1569 617 1635 nihilum
635 1572 812 1649 relabatur,
845 1557 950 1651 quum*
967 1571 1097 1635 eundem

214 1689 254 1733 aa
276 1671 372 1736 nitito
393 1675 570 1753 producere.
789 1752 792 1760 ‚
1017 1661 1020 1665 ’

257 1774 286 1838 3.
311 1774 389 1851 Quia
413 1778 522 1840 statuit
546 1777 712 1859 mundum,
745 1778 904 1859 Angelos,
930 1788 962 1841 et
994 1777 1095 1841 hoini-
1197 1845 1200 1849 Α

213 1899 272 1943 nes
307 1880 337 1941 in
368 1887 532 1945 aeturnum
564 1900 786 1964 conservare,
816 1883 969 1946 influxum
1004 1902 1095 1945 sunm

196 1984 469 2050 'substantificum
493 1987 734 2051 immutabiliter
758 1986 983 2070 continuando.

565 2224 752 2282 pauonum.

418 2354 474 2416 Au
498 2356 607 2418 Deum
633 2360 906 2418 conservatorem.

369 2445 371 2453 '
419 2477 461 2530 ux
481 2477 527 2532 ua.
549 2478 588 2533 10.
607 2480 639 2533 ue
658 2480 768 2549 Perfeci.
787 2494 848 2549 cap.
866 2481 891 2534 τ.
942 2547 944 2553 ,

257 2603 459 2686 Figmentum
481 2612 566 2667 tuum
591 2624 699 2668 sumus
724 2624 847 2685 nunna,
871 2614 1005 2688 etopus
1028 2625 1097 2669 ma·

211 2728 308 2772 nuum
333 2719 474 2791 tuarum3
498 2711 529 2773 t'u
551 2709 675 2791 plastes
693 2718 726 2772 et
742 2708 837 2772 fictor
853 2717 979 2772 noster:
1003 2710 1097 2790 quid-

212 2813 291 2894 quid
316 2832 436 2889 sumus‚
459 2829 650 2893 possumus,
673 2812 845 2888 habemuS,
867 2830 887 2872 a
910 2819 943 2874 to
966 2813 1096 2894 aooopi·

211 2937 303 2997 mus3
335 2925 390 2979 tua
413 2923 489 2979 sunt
519 2916 644 2991 omnia,
679 2915 731 2995 qui
755 2915 894 2979 omnium
919 2936 955 2978 as
979 2916 1096 2996 artifex

212 3029 247 3085 et
278 3021 435 3083 inventor.
489 3013 599 3083 Omnia
632 3019 673 3082 de
705 3020 803 3083 nihilo
838 2997 1030 3112 extraxistis
1054 3041 1097 3084 ax

211 3126 378 3209 profundo
420 3126 643 3203 tenebrarum,
685 3134 717 3188 et
758 3127 879 3209 abysso
921 3126 1096 3190 non-entis.

212 3229 418 3312 Suspendisti
442 3249 482 3292 ea
509 3230 652 3311 inesse,
685 3229 716 3291 in
752 3229 870 3292 lumine
901 3229 1009 3292 vultus
1043 3229 1098 3307 tui,

212 3342 247 3397 ut
269 3332 399 3415 singula
423 3334 512 3414 iuxta
549 3334 681 3416 spanias
713 3343 746 3398 et
778 3336 899 3399 formas
933 3353 1009 3397 suas
1034 3333 1095 3397 fui-

212 3443 312 3520 gaant
344 3438 501 3501 mentibus
534 3438 673 3518 uostris,
705 3444 874 3526 tuamque..
894 3438 1096 3522 majestatem
