2817 4317
1079 554 1137 623 181

262 762 317 815 lua
341 750 579 835 sapientissime
602 749 758 833 disponit3
782 756 814 812 et
833 748 987 832 quidquid
1003 757 1141 814 erratum

261 856 360 920 luerit
382 876 401 917 a
420 854 594 933 creaturis,
630 853 785 935 quidquid
822 856 862 916 ab
887 854 999 917 ordine
1032 873 1142 918 reces-

262 961 351 1038 serit,
372 960 417 1023 ita
439 959 583 1039 corriget
606 965 639 1020 et
660 958 691 1020 in
716 957 861 1021 ordinem
885 957 1025 1039 rediget,
1051 966 1086 1021 ut
1109 959 1139 1021 in

262 1063 410 1126 omuibus
433 1062 558 1143 gloriae
588 1070 662 1124 tuae
685 1059 841 1143 majestas
865 1062 968 1143 magis
992 1064 1141 1146 resplen-

264 1166 355 1244 deat,
390 1185 482 1247 quam
507 1166 534 1228 si
559 1165 664 1229 omnia
687 1166 820 1249 primurn
844 1164 997 1246 ordinem,
1022 1167 1052 1228 in
1077 1185 1140 1247 quo

263 1269 369 1351 posita
391 1270 491 1350 luere,
515 1269 704 1331 tenuissent.

305 1367 522 1453 Non'patitur
545 1371 672 1453 quidem
694 1370 790 1454 hujus
821 1370 909 1458 vitae
939 1370 1081 1435 conditio
1111 1379 1143 1455 et

263 1476 318 1540 lex
341 1476 516 1555 charitatis,
538 1483 572 1538 ut
596 1475 814 1557 proximorum
838 1473 962 1537 damnis
977 1484 1009 1539 et
1024 1476 1143 1556 exitiis,

264 1582 459 1663 divinaeque
494 1579 673 1663 majestatis
706 1581 830 1664 injuriis
868 1598 932 1643 uon
964 1588 1143 1660 tangamur,

263 1705 327 1752 noo
352 1686 558 1764 allliotemur,
581 1687 706 1767 absque
730 1684 915 1768 hujusmodi
937 1682 1065 1747 stimulo
1087 1683 1143 1746 vix

263 1791 306 1855 ad
342 1788 560 1870 opitulandum
597 1788 832 1850 excitaremur:
865 1787 926 1851 sed
959 1787 1144 1851 adhibenda

244 1892 463 1980 moderati03
491 1901 524 1954 et
551 1890 605 1952 ubi
633 1909 687 1953 res
713 1898 867 1972 peractae
890 1898 973 1970 sunt,
1005 1891 1062 1954 vel
1085 1889 1144 1953 de·

263 1987 427 2082 speratae,
450 1995 594 2076 nihilque
610 2014 713 2076 opera
729 2001 762 2058 et
778 2013 893 2076 preces
916 2002 1046 2059 nostrae
1067 2013 1146 2077 pos·

262 2110 339 2169 sunt
359 2101 488 2166 adlerre
509 2102 682 2184 praesidii,
716 2103 850 2185 expedit
881 2102 995 2165 inanes
1019 2120 1151 2166 moero*

262 2226 318 2271 res
342 2205 516 2287 depellere,
546 2215 579 2271 et
603 2207 826 2289 providentiae
848 2215 922 2270 tuae
944 2205 1145 2289 contempla·

264 2311 353 2375 tione
382 2310 519 2373 animum
546 2311 656 2375 solari.
702 2312 792 2376 Haec
815 2311 889 2374 mihi
913 2310 1063 2375 fiduciam
1085 2330 1145 2393 pa-

264 2413 329 2476 riat
347 2414 377 2475 iu
401 2415 596 2497 terroribus,
620 2418 827 2481 securitatem
851 2417 881 2478 iu
905 2415 1069 2498 periculis,
1091 2434 1145 2479 ro·
1226 2469 1238 2482 ,

265 2520 327 2583 bur
355 2518 385 2579 in
424 2518 550 2600 arduis,
583 2519 844 2603 tranquillitatem
875 2519 908 2583 in
944 2520 1147 2600 turbulentis,

264 2621 469 2686 tolerantiam
500 2623 531 2685 in
563 2622 736 2700 adversis,
763 2623 958 2704 aequitatem
989 2623 1085 2687 animi
1114 2624 1145 2686 in

262 2730 445 2793 futurorum
470 2730 707 2811 expectatione.
752 2729 842 2792 Haec
865 2747 965 2790 vanas
998 2748 1017 2789 a
1040 2736 1146 2792 mente

261 2839 377 2895 nostra
398 2831 621 2898 solicitudines
645 2830 805 2913 depellat,
840 2829 975 2912 perinde
998 2849 1037 2894 ac
1071 2831 1099 2894 si
1126 2851 1145 2894 a
1215 2875 1220 2884 ·

261 2935 337 3001 sola
362 2934 586 3018 providentiae
608 2942 682 3000 tuae
704 2933 903 3016 benignitate
935 2938 1041 2998 omnia
1068 2953 1146 3017 pro·

261 3041 433 3124 venirent,
457 3048 491 3105 et
513 3040 607 3104 simul
631 3058 672 3102 ea
694 3038 868 3102 sedulitate
892 3040 988 3103 rebus
1009 3037 1146 3119 agendis

260 3146 417 3210 intentam
443 3143 550 3224 faciat,
573 3163 667 3226 quam
686 3162 795 3207 earum
817 3142 1003 3224 magnitudo
1022 3149 1056 3206 et
1078 3147 1146 3205 sta-

261 3257 318 3315 tus
334 3249 484 3331 postulat.
530 3249 679 3314 Nostram
696 3247 778 3310 enim
798 3246 1070 3328 cooperationem,
1086 3264 1145 3309 no-

261 3362 430 3435 strumque
462 3353 601 3418 studium
638 3351 784 3435 postulat
810 3348 1035 3434 providentiae
1071 3357 1147 3412 tuae

263 3458 477 3541 guberuati03
507 3456 566 3520 sed
591 3474 869 3540 supervacaneam
893 3473 1012 3535 curam,
1034 3461 1066 3517 et
1088 3472 1145 3517 an·
