<?xml version="1.0" encoding="UTF-8"?>
<!DOCTYPE html PUBLIC "-//W3C//DTD XHTML 1.0 Transitional//EN"
    "http://www.w3.org/TR/xhtml1/DTD/xhtml1-transitional.dtd">
<html xmlns="http://www.w3.org/1999/xhtml" xml:lang="en" lang="en">
 <head>
  <title>
</title>
<meta http-equiv="Content-Type" content="text/html;charset=utf-8" />
  <meta name='ocr-system' content='tesseract 3.04.00' />
  <meta name='ocr-capabilities' content='ocr_page ocr_carea ocr_par ocr_line ocrx_word'/>
</head>
<body>
  <div class='ocr_page' id='page_1' title='image "./leonardilessiio00lessgoog_0176.png"; bbox 0 0 2817 4317; ppageno 0'>
   <div class='ocr_carea' id='block_1_1' title="bbox 1030 571 1091 639">
    <p class='ocr_par' dir='ltr' id='par_1_1' title="bbox 1030 571 1091 639">
     <span class='ocr_line' id='line_1_1' title="bbox 1030 571 1091 639; baseline -0.033 0"><span class='ocrx_word' id='word_1_1' title='bbox 1030 571 1091 639; x_wconf 75' lang='lat'><strong>175</strong></span> 
     </span>
    </p>
   </div>
   <div class='ocr_carea' id='block_1_2' title="bbox 208 765 1094 946">
    <p class='ocr_par' dir='ltr' id='par_1_2' title="bbox 208 765 1094 946">
     <span class='ocr_line' id='line_1_2' title="bbox 215 765 1094 854; baseline -0.014 -14"><span class='ocrx_word' id='word_1_2' title='bbox 215 777 316 840; x_wconf 84' lang='lat' dir='ltr'><strong>deduc</strong></span> <span class='ocrx_word' id='word_1_3' title='bbox 329 791 378 838; x_wconf 84' lang='lat' dir='ltr'><strong>one</strong></span> <span class='ocrx_word' id='word_1_4' title='bbox 391 790 446 854; x_wconf 82' lang='lat' dir='ltr'><strong>per</strong></span> <span class='ocrx_word' id='word_1_5' title='bbox 461 771 529 835; x_wconf 83' lang='lat' dir='ltr'><strong>utos</strong></span> <span class='ocrx_word' id='word_1_6' title='bbox 552 771 662 844; x_wconf 81' lang='lat' dir='ltr'><strong>rectos,</strong></span> <span class='ocrx_word' id='word_1_7' title='bbox 685 772 714 833; x_wconf 85' lang='lat' dir='ltr'><strong>et</strong></span> <span class='ocrx_word' id='word_1_8' title='bbox 736 765 949 831; x_wconf 78' lang='lat' dir='ltr'><strong>ostendendi</strong></span> <span class='ocrx_word' id='word_1_9' title='bbox 966 781 1094 845; x_wconf 75' lang='lat' dir='ltr'><strong>nonnum</strong></span> 
     </span>
     <span class='ocr_line' id='line_1_3' title="bbox 208 875 463 946; baseline -0.027 -3"><span class='ocrx_word' id='word_1_10' title='bbox 208 886 304 946; x_wconf 81' lang='lat' dir='ltr'><strong>tunm.</strong></span> <span class='ocrx_word' id='word_1_11' title='bbox 350 875 463 941; x_wconf 85' lang='lat' dir='ltr'><strong>Amen.</strong></span> 
     </span>
    </p>
   </div>
   <div class='ocr_carea' id='block_1_3' title="bbox 494 1082 816 1150">
    <p class='ocr_par' dir='ltr' id='par_1_3' title="bbox 494 1082 816 1150">
     <span class='ocr_line' id='line_1_4' title="bbox 494 1082 816 1150; baseline 0.003 -8"><span class='ocrx_word' id='word_1_12' title='bbox 494 1082 750 1150; x_wconf 84' lang='lat' dir='ltr'><strong>CONSlllERATlO</strong></span> <span class='ocrx_word' id='word_1_13' title='bbox 774 1085 816 1143; x_wconf 91' lang='lat' dir='ltr'><strong>lll.</strong></span> 
     </span>
    </p>
   </div>
   <div class='ocr_carea' id='block_1_4' title="bbox 449 1242 858 1323">
    <p class='ocr_par' dir='ltr' id='par_1_4' title="bbox 449 1242 858 1323">
     <span class='ocr_line' id='line_1_5' title="bbox 449 1242 858 1323; baseline 0 -17"><span class='ocrx_word' id='word_1_14' title='bbox 449 1242 496 1307; x_wconf 86' lang='lat' dir='ltr'><strong>De</strong></span> <span class='ocrx_word' id='word_1_15' title='bbox 518 1244 592 1323; x_wconf 84' lang='lat' dir='ltr'><strong>Deo,</strong></span> <span class='ocrx_word' id='word_1_16' title='bbox 615 1250 649 1308; x_wconf 87' lang='lat' dir='ltr'><strong>ot</strong></span> <span class='ocrx_word' id='word_1_17' title='bbox 671 1250 718 1310; x_wconf 86' lang='lat' dir='ltr'><strong>ost</strong></span> <span class='ocrx_word' id='word_1_18' title='bbox 738 1246 858 1309; x_wconf 78' lang='lat' dir='ltr'><strong>zelotes.</strong></span> 
     </span>
    </p>
   </div>
   <div class='ocr_carea' id='block_1_5' title="bbox 170 1400 1093 3145">
    <p class='ocr_par' dir='ltr' id='par_1_5' title="bbox 170 1400 1093 2831">
     <span class='ocr_line' id='line_1_6' title="bbox 253 1400 1091 1486; baseline 0.004 -23"><span class='ocrx_word' id='word_1_19' title='bbox 253 1400 352 1463; x_wconf 88' lang='lat' dir='ltr'><strong>Zalus</strong></span> <span class='ocrx_word' id='word_1_20' title='bbox 376 1400 551 1481; x_wconf 82' lang='lat' dir='ltr'><strong>aliquando</strong></span> <span class='ocrx_word' id='word_1_21' title='bbox 575 1402 739 1486; x_wconf 78' lang='lat' dir='ltr'><strong>signifieat</strong></span> <span class='ocrx_word' id='word_1_22' title='bbox 762 1400 929 1466; x_wconf 81' lang='lat' dir='ltr'><strong>ardentem</strong></span> <span class='ocrx_word' id='word_1_23' title='bbox 950 1419 1091 1466; x_wconf 86' lang='lat' dir='ltr'><strong>amorem</strong></span> 
     </span>
     <span class='ocr_line' id='line_1_7' title="bbox 209 1501 1091 1590; baseline 0.002 -22"><span class='ocrx_word' id='word_1_24' title='bbox 209 1501 364 1585; x_wconf 72' lang='lat' dir='ltr'><strong>alicujus,</strong></span> <span class='ocrx_word' id='word_1_25' title='bbox 395 1503 568 1586; x_wconf 87' lang='lat' dir='ltr'><strong>aliquando</strong></span> <span class='ocrx_word' id='word_1_26' title='bbox 600 1507 851 1590; x_wconf 82' lang='lat' dir='ltr'><strong>indignationem</strong></span> <span class='ocrx_word' id='word_1_27' title='bbox 875 1504 1036 1570; x_wconf 88' lang='lat' dir='ltr'><strong>adversus</strong></span> <span class='ocrx_word' id='word_1_28' title='bbox 1059 1506 1091 1570; x_wconf 92' lang='lat' dir='ltr'><strong>id</strong></span> 
     </span>
     <span class='ocr_line' id='line_1_8' title="bbox 213 1607 1090 1691; baseline 0.003 -21"><span class='ocrx_word' id='word_1_29' title='bbox 213 1607 302 1689; x_wconf 85' lang='lat' dir='ltr'><strong>quod</strong></span> <span class='ocrx_word' id='word_1_30' title='bbox 326 1608 373 1671; x_wconf 90' lang='lat' dir='ltr'><strong>rei</strong></span> <span class='ocrx_word' id='word_1_31' title='bbox 396 1616 523 1672; x_wconf 88' lang='lat' dir='ltr'><strong>amatae</strong></span> <span class='ocrx_word' id='word_1_32' title='bbox 553 1618 604 1673; x_wconf 90' lang='lat' dir='ltr'><strong>est</strong></span> <span class='ocrx_word' id='word_1_33' title='bbox 626 1611 771 1691; x_wconf 85' lang='lat' dir='ltr'><strong>noxium,</strong></span> <span class='ocrx_word' id='word_1_34' title='bbox 803 1607 932 1691; x_wconf 88' lang='lat' dir='ltr'><strong>etejus</strong></span> <span class='ocrx_word' id='word_1_35' title='bbox 954 1609 1090 1674; x_wconf 87' lang='lat' dir='ltr'><strong>amotio·</strong></span> 
     </span>
     <span class='ocr_line' id='line_1_9' title="bbox 170 1710 1090 1795; baseline 0 -20"><span class='ocrx_word' id='word_1_36' title='bbox 170 1749 173 1754; x_wconf 92' lang='lat'><em>·</em></span> <span class='ocrx_word' id='word_1_37' title='bbox 209 1730 282 1775; x_wconf 89' lang='lat' dir='ltr'><strong>nem</strong></span> <span class='ocrx_word' id='word_1_38' title='bbox 316 1720 348 1775; x_wconf 93' lang='lat' dir='ltr'><strong>et</strong></span> <span class='ocrx_word' id='word_1_39' title='bbox 385 1710 644 1777; x_wconf 85' lang='lat' dir='ltr'><strong>destruetionem.</strong></span> <span class='ocrx_word' id='word_1_40' title='bbox 704 1712 791 1778; x_wconf 86' lang='lat' dir='ltr'><strong>Deus</strong></span> <span class='ocrx_word' id='word_1_41' title='bbox 827 1714 935 1795; x_wconf 86' lang='lat' dir='ltr'><strong>itaque</strong></span> <span class='ocrx_word' id='word_1_42' title='bbox 970 1712 1090 1777; x_wconf 85' lang='lat' dir='ltr'><strong>dioitnr</strong></span> 
     </span>
     <span class='ocr_line' id='line_1_10' title="bbox 209 1815 1089 1899; baseline -0.003 -18"><span class='ocrx_word' id='word_1_43' title='bbox 209 1815 323 1881; x_wconf 69' lang='lat' dir='ltr'><strong>totores</strong></span> <span class='ocrx_word' id='word_1_44' title='bbox 347 1817 372 1879; x_wconf 90' lang='lat' dir='ltr'><strong>l.</strong></span> <span class='ocrx_word' id='word_1_45' title='bbox 396 1816 472 1897; x_wconf 87' lang='lat' dir='ltr'><strong>quia</strong></span> <span class='ocrx_word' id='word_1_46' title='bbox 495 1836 564 1881; x_wconf 86' lang='lat' dir='ltr'><strong>unm</strong></span> <span class='ocrx_word' id='word_1_47' title='bbox 589 1835 712 1881; x_wconf 89' lang='lat' dir='ltr'><strong>summa</strong></span> <span class='ocrx_word' id='word_1_48' title='bbox 730 1824 816 1881; x_wconf 86' lang='lat' dir='ltr'><strong>amet</strong></span> <span class='ocrx_word' id='word_1_49' title='bbox 838 1837 875 1880; x_wconf 85' lang='lat' dir='ltr'><strong>se</strong></span> <span class='ocrx_word' id='word_1_50' title='bbox 899 1824 930 1879; x_wconf 91' lang='lat' dir='ltr'><strong>et</strong></span> <span class='ocrx_word' id='word_1_51' title='bbox 953 1816 1089 1899; x_wconf 81' lang='lat' dir='ltr'><strong>gloriam</strong></span> 
     </span>
     <span class='ocr_line' id='line_1_11' title="bbox 209 1920 1090 2001; baseline -0.002 -17"><span class='ocrx_word' id='word_1_52' title='bbox 209 1939 317 1999; x_wconf 82' lang='lat' dir='ltr'><strong>suant,</strong></span> <span class='ocrx_word' id='word_1_53' title='bbox 352 1920 547 2001; x_wconf 88' lang='lat' dir='ltr'><strong>gravissima</strong></span> <span class='ocrx_word' id='word_1_54' title='bbox 583 1930 802 1987; x_wconf 79' lang='lat' dir='ltr'><strong>summovetur</strong></span> <span class='ocrx_word' id='word_1_55' title='bbox 842 1928 875 1984; x_wconf 90' lang='lat' dir='ltr'><strong>et</strong></span> <span class='ocrx_word' id='word_1_56' title='bbox 905 1920 1090 2001; x_wconf 84' lang='lat' dir='ltr'><strong>indignatur</strong></span> 
     </span>
     <span class='ocr_line' id='line_1_12' title="bbox 210 2024 1089 2107; baseline -0.006 -18"><span class='ocrx_word' id='word_1_57' title='bbox 210 2032 325 2089; x_wconf 81' lang='lat' dir='ltr'><strong>eontra</strong></span> <span class='ocrx_word' id='word_1_58' title='bbox 366 2043 424 2088; x_wconf 86' lang='lat' dir='ltr'><strong>eos</strong></span> <span class='ocrx_word' id='word_1_59' title='bbox 464 2025 518 2105; x_wconf 87' lang='lat' dir='ltr'><strong>qui</strong></span> <span class='ocrx_word' id='word_1_60' title='bbox 546 2024 712 2107; x_wconf 88' lang='lat' dir='ltr'><strong>peooando</strong></span> <span class='ocrx_word' id='word_1_61' title='bbox 747 2025 851 2107; x_wconf 81' lang='lat' dir='ltr'><strong>ipsum</strong></span> <span class='ocrx_word' id='word_1_62' title='bbox 875 2030 1089 2100; x_wconf 78' lang='lat' dir='ltr'><strong>contemnunt,</strong></span> 
     </span>
     <span class='ocr_line' id='line_1_13' title="bbox 210 2126 1090 2209; baseline 0 -20"><span class='ocrx_word' id='word_1_63' title='bbox 210 2134 243 2189; x_wconf 90' lang='lat' dir='ltr'><strong>et</strong></span> <span class='ocrx_word' id='word_1_64' title='bbox 266 2126 405 2189; x_wconf 84' lang='lat' dir='ltr'><strong>maxime</strong></span> <span class='ocrx_word' id='word_1_65' title='bbox 428 2126 482 2207; x_wconf 90' lang='lat' dir='ltr'><strong>qui</strong></span> <span class='ocrx_word' id='word_1_66' title='bbox 505 2127 607 2209; x_wconf 88' lang='lat' dir='ltr'><strong>ipsius</strong></span> <span class='ocrx_word' id='word_1_67' title='bbox 630 2127 766 2209; x_wconf 82' lang='lat' dir='ltr'><strong>gloriam</strong></span> <span class='ocrx_word' id='word_1_68' title='bbox 799 2127 839 2189; x_wconf 85' lang='lat' dir='ltr'><strong>ad</strong></span> <span class='ocrx_word' id='word_1_69' title='bbox 873 2126 961 2190; x_wconf 90' lang='lat' dir='ltr'><strong>idola</strong></span> <span class='ocrx_word' id='word_1_70' title='bbox 985 2134 1090 2190; x_wconf 84' lang='lat' dir='ltr'><strong>trans·</strong></span> 
     </span>
     <span class='ocr_line' id='line_1_14' title="bbox 209 2230 1091 2313; baseline -0.007 -16"><span class='ocrx_word' id='word_1_71' title='bbox 209 2234 326 2297; x_wconf 87' lang='lat' dir='ltr'><strong>ferunt.</strong></span> <span class='ocrx_word' id='word_1_72' title='bbox 371 2232 464 2299; x_wconf 88' lang='lat' dir='ltr'><strong>Unde</strong></span> <span class='ocrx_word' id='word_1_73' title='bbox 498 2231 605 2299; x_wconf 81' lang='lat' dir='ltr'><strong>Exodi</strong></span> <span class='ocrx_word' id='word_1_74' title='bbox 629 2234 687 2313; x_wconf 84' lang='lat'><strong>20,</strong></span> <span class='ocrx_word' id='word_1_75' title='bbox 722 2252 791 2296; x_wconf 89' lang='lat' dir='ltr'><strong>oum</strong></span> <span class='ocrx_word' id='word_1_76' title='bbox 823 2230 980 2295; x_wconf 82' lang='lat' dir='ltr'><strong>vetuisset</strong></span> <span class='ocrx_word' id='word_1_77' title='bbox 1004 2231 1091 2293; x_wconf 86' lang='lat' dir='ltr'><strong>Deus</strong></span> 
     </span>
     <span class='ocr_line' id='line_1_15' title="bbox 210 2335 1088 2421; baseline -0.001 -22"><span class='ocrx_word' id='word_1_78' title='bbox 210 2335 345 2417; x_wconf 89' lang='lat' dir='ltr'><strong>alienos,</strong></span> <span class='ocrx_word' id='word_1_79' title='bbox 369 2337 491 2402; x_wconf 85' lang='lat' dir='ltr'><strong>subdit:</strong></span> <span class='ocrx_word' id='word_1_80' title='bbox 528 2338 592 2421; x_wconf 72' lang='lat' dir='ltr'><strong>Eoo</strong></span> <span class='ocrx_word' id='word_1_81' title='bbox 624 2357 693 2404; x_wconf 81' lang='lat' dir='ltr'><strong>sunt</strong></span> <span class='ocrx_word' id='word_1_82' title='bbox 717 2337 869 2404; x_wconf 80' lang='lat' dir='ltr'><strong>Dominus</strong></span> <span class='ocrx_word' id='word_1_83' title='bbox 892 2337 975 2400; x_wconf 84' lang='lat' dir='ltr'><strong>Dens</strong></span> <span class='ocrx_word' id='word_1_84' title='bbox 1008 2340 1088 2410; x_wconf 84' lang='lat' dir='ltr'><strong>tuos,</strong></span> 
     </span>
     <span class='ocr_line' id='line_1_16' title="bbox 211 2438 1092 2526; baseline -0.002 -21"><span class='ocrx_word' id='word_1_85' title='bbox 211 2438 315 2521; x_wconf 77' lang='lat' dir='ltr'><strong>tortis,</strong></span> <span class='ocrx_word' id='word_1_86' title='bbox 356 2443 484 2521; x_wconf 77' lang='lat' dir='ltr'><strong>zelotes,</strong></span> <span class='ocrx_word' id='word_1_87' title='bbox 520 2448 650 2509; x_wconf 86' lang='lat' dir='ltr'><strong>oisttons</strong></span> <span class='ocrx_word' id='word_1_88' title='bbox 681 2446 873 2526; x_wconf 75' lang='lat' dir='ltr'><strong>iniquitatem</strong></span> <span class='ocrx_word' id='word_1_89' title='bbox 902 2446 1026 2523; x_wconf 81' lang='lat' dir='ltr'><strong>potrum</strong></span> <span class='ocrx_word' id='word_1_90' title='bbox 1059 2443 1092 2503; x_wconf 86' lang='lat' dir='ltr'><strong>tn</strong></span> 
     </span>
     <span class='ocr_line' id='line_1_17' title="bbox 209 2542 1093 2628; baseline -0.001 -20"><span class='ocrx_word' id='word_1_91' title='bbox 209 2542 302 2626; x_wconf 69' lang='lat' dir='ltr'><strong>filios,</strong></span> <span class='ocrx_word' id='word_1_92' title='bbox 318 2548 352 2609; x_wconf 84' lang='lat' dir='ltr'><strong>in</strong></span> <span class='ocrx_word' id='word_1_93' title='bbox 371 2548 495 2610; x_wconf 78' lang='lat' dir='ltr'><strong>tortione</strong></span> <span class='ocrx_word' id='word_1_94' title='bbox 517 2552 547 2611; x_wconf 85' lang='lat' dir='ltr'><strong>et</strong></span> <span class='ocrx_word' id='word_1_95' title='bbox 570 2552 714 2628; x_wconf 80' lang='lat' dir='ltr'><strong>quartum</strong></span> <span class='ocrx_word' id='word_1_96' title='bbox 736 2548 964 2625; x_wconf 66' lang='lat' dir='ltr'><strong>generationem</strong></span> <span class='ocrx_word' id='word_1_97' title='bbox 987 2560 1093 2609; x_wconf 85' lang='lat' dir='ltr'><strong>eornm</strong></span> 
     </span>
     <span class='ocr_line' id='line_1_18' title="bbox 209 2648 1092 2730; baseline -0.001 -18"><span class='ocrx_word' id='word_1_98' title='bbox 209 2651 262 2728; x_wconf 76' lang='lat' dir='ltr'><strong>ont</strong></span> <span class='ocrx_word' id='word_1_99' title='bbox 278 2692 279 2695; x_wconf 63' lang='lat'>,</span> <span class='ocrx_word' id='word_1_100' title='bbox 293 2650 424 2714; x_wconf 83' lang='lat' dir='ltr'><strong>oderunt</strong></span> <span class='ocrx_word' id='word_1_101' title='bbox 457 2667 513 2714; x_wconf 87' lang='lat' dir='ltr'><strong>ne.</strong></span> <span class='ocrx_word' id='word_1_102' title='bbox 568 2649 609 2714; x_wconf 81' lang='lat' dir='ltr'><strong>llt</strong></span> <span class='ocrx_word' id='word_1_103' title='bbox 643 2668 714 2730; x_wconf 80' lang='lat' dir='ltr'><strong>oap.</strong></span> <span class='ocrx_word' id='word_1_104' title='bbox 737 2650 797 2714; x_wconf 74' lang='lat'><strong>34:</strong></span> <span class='ocrx_word' id='word_1_105' title='bbox 856 2648 930 2713; x_wconf 83' lang='lat' dir='ltr'><strong>Noli</strong></span> <span class='ocrx_word' id='word_1_106' title='bbox 956 2648 1092 2712; x_wconf 78' lang='lat' dir='ltr'><strong>odorare</strong></span> 
     </span>
     <span class='ocr_line' id='line_1_19' title="bbox 209 2752 1033 2831; baseline 0 -16"><span class='ocrx_word' id='word_1_107' title='bbox 209 2752 299 2816; x_wconf 78' lang='lat' dir='ltr'><strong>denno</strong></span> <span class='ocrx_word' id='word_1_108' title='bbox 324 2753 476 2817; x_wconf 87' lang='lat' dir='ltr'><strong>ottonom:</strong></span> <span class='ocrx_word' id='word_1_109' title='bbox 520 2753 672 2817; x_wconf 83' lang='lat' dir='ltr'><strong>Dominus</strong></span> <span class='ocrx_word' id='word_1_110' title='bbox 690 2754 803 2817; x_wconf 83' lang='lat' dir='ltr'><strong>zelotes</strong></span> <span class='ocrx_word' id='word_1_111' title='bbox 824 2769 935 2816; x_wconf 86' lang='lat' dir='ltr'><strong>nomen</strong></span> <span class='ocrx_word' id='word_1_112' title='bbox 957 2756 1033 2831; x_wconf 86' lang='lat' dir='ltr'><strong>ejus.</strong></span> 
     </span>
    </p>

    <p class='ocr_par' dir='ltr' id='par_1_6' title="bbox 209 2854 1092 3145">
     <span class='ocr_line' id='line_1_20' title="bbox 254 2854 1088 2937; baseline 0.001 -20"><span class='ocrx_word' id='word_1_113' title='bbox 254 2855 296 2926; x_wconf 56' lang='lat'><strong>2„</strong></span> <span class='ocrx_word' id='word_1_114' title='bbox 308 2854 473 2931; x_wconf 81' lang='lat' dir='ltr'><strong>Quatenus</strong></span> <span class='ocrx_word' id='word_1_115' title='bbox 497 2855 690 2937; x_wconf 78' lang='lat' dir='ltr'><strong>indignatur,</strong></span> <span class='ocrx_word' id='word_1_116' title='bbox 713 2855 893 2919; x_wconf 86' lang='lat' dir='ltr'><strong>etamoliri</strong></span> <span class='ocrx_word' id='word_1_117' title='bbox 917 2856 1027 2919; x_wconf 85' lang='lat' dir='ltr'><strong>studet</strong></span> <span class='ocrx_word' id='word_1_118' title='bbox 1049 2875 1088 2918; x_wconf 87' lang='lat' dir='ltr'><strong>ea</strong></span> 
     </span>
     <span class='ocr_line' id='line_1_21' title="bbox 209 2957 1089 3041; baseline 0.006 -23"><span class='ocrx_word' id='word_1_119' title='bbox 209 2976 294 3039; x_wconf 88' lang='lat' dir='ltr'><strong>qnae</strong></span> <span class='ocrx_word' id='word_1_120' title='bbox 318 2957 495 3039; x_wconf 85' lang='lat' dir='ltr'><strong>impediunt</strong></span> <span class='ocrx_word' id='word_1_121' title='bbox 519 2958 655 3023; x_wconf 88' lang='lat' dir='ltr'><strong>salutem</strong></span> <span class='ocrx_word' id='word_1_122' title='bbox 679 2959 871 3039; x_wconf 88' lang='lat' dir='ltr'><strong>animarum,</strong></span> <span class='ocrx_word' id='word_1_123' title='bbox 904 2979 985 3041; x_wconf 86' lang='lat' dir='ltr'><strong>quas</strong></span> <span class='ocrx_word' id='word_1_124' title='bbox 1008 2968 1089 3023; x_wconf 85' lang='lat' dir='ltr'><strong>tam·</strong></span> 
     </span>
     <span class='ocr_line' id='line_1_22' title="bbox 209 3060 1092 3145; baseline 0.002 -20"><span class='ocrx_word' id='word_1_125' title='bbox 209 3081 305 3143; x_wconf 89' lang='lat' dir='ltr'><strong>quam</strong></span> <span class='ocrx_word' id='word_1_126' title='bbox 329 3080 469 3143; x_wconf 86' lang='lat' dir='ltr'><strong>sponsas</strong></span> <span class='ocrx_word' id='word_1_127' title='bbox 492 3071 625 3125; x_wconf 84' lang='lat' dir='ltr'><strong>suaset</strong></span> <span class='ocrx_word' id='word_1_128' title='bbox 646 3060 731 3125; x_wconf 86' lang='lat' dir='ltr'><strong>filias</strong></span> <span class='ocrx_word' id='word_1_129' title='bbox 754 3071 855 3141; x_wconf 87' lang='lat' dir='ltr'><strong>amat,</strong></span> <span class='ocrx_word' id='word_1_130' title='bbox 885 3082 1016 3145; x_wconf 89' lang='lat' dir='ltr'><strong>quarum</strong></span> <span class='ocrx_word' id='word_1_131' title='bbox 1039 3083 1092 3127; x_wconf 86' lang='lat' dir='ltr'><strong>aa·</strong></span> 
     </span>
    </p>
   </div>
   <div class='ocr_carea' id='block_1_6' title="bbox 207 3164 1183 3561">
    <p class='ocr_par' dir='ltr' id='par_1_7' title="bbox 209 3164 733 3247">
     <span class='ocr_line' id='line_1_23' title="bbox 209 3164 733 3247; baseline 0 -19"><span class='ocrx_word' id='word_1_132' title='bbox 209 3166 309 3230; x_wconf 82' lang='lat' dir='ltr'><strong>lutum</strong></span> <span class='ocrx_word' id='word_1_133' title='bbox 329 3183 534 3247; x_wconf 83' lang='lat' dir='ltr'><strong>summopere</strong></span> <span class='ocrx_word' id='word_1_134' title='bbox 558 3164 733 3232; x_wconf 87' lang='lat' dir='ltr'><strong>desiderat.</strong></span> 
     </span>
    </p>

    <p class='ocr_par' dir='ltr' id='par_1_8' title="bbox 207 3268 1183 3561">
     <span class='ocr_line' id='line_1_24' title="bbox 252 3268 1090 3355; baseline 0.001 -23"><span class='ocrx_word' id='word_1_135' title='bbox 252 3268 282 3332; x_wconf 85' lang='lat'><strong>3.</strong></span> <span class='ocrx_word' id='word_1_136' title='bbox 306 3268 472 3345; x_wconf 81' lang='lat' dir='ltr'><strong>Quatenus</strong></span> <span class='ocrx_word' id='word_1_137' title='bbox 494 3270 578 3334; x_wconf 83' lang='lat' dir='ltr'><strong>siout</strong></span> <span class='ocrx_word' id='word_1_138' title='bbox 598 3270 730 3334; x_wconf 90' lang='lat' dir='ltr'><strong>maritus</strong></span> <span class='ocrx_word' id='word_1_139' title='bbox 746 3272 919 3355; x_wconf 82' lang='lat' dir='ltr'><strong>zelotypus</strong></span> <span class='ocrx_word' id='word_1_140' title='bbox 942 3269 1090 3351; x_wconf 84' lang='lat' dir='ltr'><strong>iudignu-</strong></span> 
     </span>
     <span class='ocr_line' id='line_1_25' title="bbox 208 3373 1183 3454; baseline -0.002 -18"><span class='ocrx_word' id='word_1_141' title='bbox 208 3382 261 3436; x_wconf 86' lang='lat' dir='ltr'><strong>tnr</strong></span> <span class='ocrx_word' id='word_1_142' title='bbox 301 3381 415 3437; x_wconf 84' lang='lat' dir='ltr'><strong>eontra</strong></span> <span class='ocrx_word' id='word_1_143' title='bbox 452 3374 573 3437; x_wconf 86' lang='lat' dir='ltr'><strong>animas</strong></span> <span class='ocrx_word' id='word_1_144' title='bbox 606 3373 667 3437; x_wconf 91' lang='lat' dir='ltr'><strong>sibi</strong></span> <span class='ocrx_word' id='word_1_145' title='bbox 703 3374 871 3454; x_wconf 84' lang='lat' dir='ltr'><strong>addiotas,</strong></span> <span class='ocrx_word' id='word_1_146' title='bbox 908 3374 935 3437; x_wconf 86' lang='lat' dir='ltr'><strong>si</strong></span> <span class='ocrx_word' id='word_1_147' title='bbox 972 3374 1091 3454; x_wconf 90' lang='lat' dir='ltr'><strong>aliquid</strong></span> <span class='ocrx_word' id='word_1_148' title='bbox 1181 3405 1183 3407; x_wconf 95' lang='lat'>·</span> 
     </span>
     <span class='ocr_line' id='line_1_26' title="bbox 207 3476 1091 3561; baseline 0.001 -19"><span class='ocrx_word' id='word_1_149' title='bbox 207 3476 297 3542; x_wconf 86' lang='lat' dir='ltr'><strong>aliud</strong></span> <span class='ocrx_word' id='word_1_150' title='bbox 318 3483 449 3559; x_wconf 86' lang='lat' dir='ltr'><strong>praeter</strong></span> <span class='ocrx_word' id='word_1_151' title='bbox 472 3478 586 3561; x_wconf 89' lang='lat' dir='ltr'><strong>ipsum,</strong></span> <span class='ocrx_word' id='word_1_152' title='bbox 610 3496 672 3543; x_wconf 89' lang='lat' dir='ltr'><strong>non</strong></span> <span class='ocrx_word' id='word_1_153' title='bbox 695 3486 831 3561; x_wconf 84' lang='lat' dir='ltr'><strong>propter</strong></span> <span class='ocrx_word' id='word_1_154' title='bbox 854 3479 959 3561; x_wconf 87' lang='lat' dir='ltr'><strong>ipsum</strong></span> <span class='ocrx_word' id='word_1_155' title='bbox 974 3487 1091 3560; x_wconf 88' lang='lat' dir='ltr'><strong>ament,</strong></span> 
     </span>
    </p>
   </div>
   <div class='ocr_carea' id='block_1_7' title="bbox 0 0 1414 4317">
    <p class='ocr_par' dir='ltr' id='par_1_9' title="bbox 0 0 1414 4317">
     <span class='ocr_line' id='line_1_27' title="bbox 0 0 1414 4317; baseline 0 0"><span class='ocrx_word' id='word_1_156' title='bbox 0 0 1414 4317; x_wconf 95' lang='lat' dir='ltr'><strong> </strong></span> 
     </span>
    </p>
   </div>
  </div>
 </body>
</html>
