2817 4317
265 592 327 662 196

268 785 441 867 piissimam
477 787 634 851 haeresim
678 787 816 851 damnat
852 786 907 851 lib.
947 788 994 852 de
1033 812 1039 854 t

266 890 435 954 custodiis.
457 910 528 974 cap.
555 892 603 957 ll.
626 898 658 955 et
681 893 733 955 lib.
758 893 786 956 2.
812 891 853 955 de
875 902 1000 958 ornatu
1025 916 1039 958 s

265 993 339 1058 lium
372 996 552 1077 nuptiarum
587 1014 658 1079 cap.
699 995 750 1060 76.
784 1006 817 1059 et
848 999 1039 1077 sequentibi

264 1100 421 1182 opusculo
453 1100 539 1182 quod
568 1102 734 1184 inscripsit
754 1102 895 1184 Samuel,
931 1123 996 1168 seu
1022 1108 1039 1171 d

264 1207 528 1287 contemplatione.

306 1308 448 1374 Secundo
483 1309 566 1374 haec
600 1309 760 1379 sementia
790 1310 927 1393 intelligi
961 1323 1039 1396 potr

262 1412 367 1494 ipsum
391 1431 466 1475 esse
489 1421 630 1478 creatum
647 1431 709 1476 non
728 1414 860 1477 desinat
876 1418 1039 1481 secundm

266 1517 326 1581 sed
351 1518 452 1581 solum
486 1519 594 1599 quoad
627 1536 755 1582 sensum
779 1525 813 1583 et
834 1518 990 1585 affectum
1010 1541 1039 1587 ci

264 1621 398 1704 plantis;
432 1622 486 1703 qui
519 1621 565 1686 ita
594 1621 635 1685 ad
660 1622 761 1687 Deum
785 1624 917 1705 rapitur,
940 1635 978 1689 ut
1003 1647 1039 1692 se

265 1726 402 1808 amplius
439 1745 502 1790 uon
541 1726 675 1807 sentiat,
714 1727 774 1791 sed
811 1728 917 1792 solum
958 1729 1039 1796 Deu·

264 1848 358 1911 quem
380 1829 442 1893 sibi
462 1829 590 1893 videtur
609 1832 864 1896 transformatus
910 1833 1039 1899 Huncr

262 1942 380 2000 vocant
401 1938 546 2001 unionem
566 1935 736 2018 sentimum,
764 1938 794 1999 in
818 1956 881 2019 qua
903 1938 1015 2002 anima

262 2040 342 2121 Deo,
366 2040 414 2102 sui
430 2059 567 2123 prorsus
582 2040 701 2123 oblita,
724 2042 827 2123 ipsius
853 2040 1039 2105 dulcedinev

266 2145 422 2210 ineffabili
446 2143 671 2208 delectationis
694 2164 791 2208 seusu
821 2144 1011 2227 percipiens
1037 2182 1039 2198 ι

269 2255 419 2331 gustans,
455 2248 590 2331 perinde
619 2268 659 2314 ae
688 2249 717 2312 si
749 2249 821 2330 ipsa
853 2256 944 2312 esset
985 2252 1020 2315 in

263 2353 499 2417 transformata.
544 2350 586 2415 Et
614 2352 678 2417 hoc
708 2371 806 2416 sensu
829 2352 892 2417 ista
912 2364 1036 2421 senten

261 2455 417 2538 telligitur
439 2476 459 2520 a
480 2455 698 2533 Rusbrochio,
732 2455 891 2539 Dionysio
917 2457 1039 2526 Carthi

261 2565 295 2623 et
326 2559 399 2623 aliis
425 2558 705 2642 contemplativis3
744 2580 849 2642 neque
883 2562 1040 2647 quidqua

261 2666 417 2729 commodi
447 2664 597 2729 eontinet.
642 2664 764 2729 Verum
795 2665 848 2730 liic
876 2684 943 2730 non
975 2692 1039 2755 req

260 2769 325 2832 alia
356 2768 430 2833 unio
464 2789 558 2851 quam
590 2789 629 2833 ea
660 2788 744 2850 qnae
778 2769 812 2831 lit
838 2790 898 2852 per
931 2774 1039 2843 vision

260 2874 818 2956 mmmmmmmmwm
