2817 4317
1032 582 1092 648 143

206 773 368 837 moeroris
392 772 585 836 constitutos
599 817 612 848 ,i
639 770 666 832 si
698 770 871 853 adipsum
897 774 1093 855 confugiant,

206 877 382 957 illuminat,
412 874 693 941 eos-coelestium
724 876 878 938 bonorum
910 879 1093 959 cognitione

207 981 431 1046 consolando.'
466 978 560 1044 Unde
584 978 700 1042 Psatm.
718 978 775 1043 33:
798 980 939 1046 decedito
957 984 1000 1047 nd
1018 1002 1094 1064 cnm,

207 1093 237 1151 ct
248 1086 484 1161 illuminarunt·
505 1089 533 1147 ct
543 1081 773 1165 sancsocstrne
786 1101 849 1148 non
859 1085 1093 1174 confundentur.

252 1190 282 1251 d.
307 1188 387 1265 Quia
408 1190 514 1252 lumen
534 1187 672 1268 gloriae,
696 1206 759 1269 qno
783 1207 872 1252 mens
888 1197 1000 1256 nostra
1017 1212 1093 1274 pcr-

205 1297 281 1359 fnsu
306 1302 339 1356 et
360 1292 529 1368 illustrata,
553 1293 653 1356 Deum
677 1292 766 1355 ctare
782 1294 813 1355 in
836 1313 873 1356 se
891 1293 974 1375 ipso,
997 1293 1092 1358 sicuti

207 1403 270 1475 est,
294 1406 327 1461 et
347 1396 453 1461 omnin
477 1403 589 1459 orente
613 1396 642 1458 in
666 1395 747 1475 Deo,
769 1404 803 1459 et
825 1398 885 1459 sub
909 1397 978 1459 Deo
1002 1396 1093 1459 vide·

207 1502 272 1581 bit,
305 1503 344 1564 ab
370 1519 409 1564 eo
433 1499 504 1565 soto
527 1498 714 1563 infunditur.
760 1498 803 1563 Et
831 1499 893 1565 hoc
915 1500 1011 1563 modo
1035 1519 1095 1582 per

211 1608 321 1669 tumen
347 1602 473 1685 gloriae
496 1597 759 1673 iltumidabuntnr
786 1603 891 1667 omnia
915 1603 1094 1687 objective:

209 1708 287 1790 qnia
311 1707 415 1771 omnia
445 1707 476 1769 in
499 1705 580 1769 luce
595 1705 776 1769 clarissima
807 1706 1002 1787 cognitionis
1025 1725 1093 1771 om·

208 1814 295 1875 nium
319 1810 493 1875 Beatornin
524 1817 698 1891 ponentur3
731 1807 868 1891 periodo
900 1826 940 1873 ac
970 1810 997 1872 si
1022 1807 1094 1893 ipsc

207 1916 328 1979 lumine
352 1915 479 1997 gloriae
504 1914 636 1995 pertusa
665 1914 781 1976 forent.

254 2021 325 2084 Luc
347 2020 488 2101 dicitnr,
522 2019 549 2083 t.
581 2024 741 2098 tamquam
773 2016 845 2080 fons
877 2018 979 2084 omnis
1013 2016 1094 2083 lucis

207 2124 394 2207 corporatis
426 2133 459 2187 et
491 2120 665 2203 spiritalis,
700 2128 735 2183 et
766 2121 869 2184 omnis
892 2123 1111 2204 cognitionis„

208 2230 323 2293 Omnis
348 2229 430 2293 enim
454 2226 617 2310 cognitio,
651 2225 704 2289 tux‘
728 2232 780 2289 est
801 2226 982 2295 illuminaus
1006 2249 1093 2321 meu-

168 2358 171 2362 ·
209 2344 293 2413 tem,
326 2340 360 2396 et
382 2331 561 2415 objectum:
600 2349 689 2393 mens
724 2332 809 2394 euim
831 2331 1028 2411 illustratur,
1060 2341 1095 2399 ut

178 2448 180 2456 ’
211 2436 376 2520 objectum
399 2437 566 2517 recipiens
600 2436 796 2517 cognitionis
825 2437 948 2519 luceni3
981 2437 1093 2521 objec-

213 2548 277 2619 tum
300 2558 398 2621 vero,
422 2546 456 2602 ut
477 2560 531 2602 res
555 2558 639 2620 quae
663 2540 759 2604 menti
779 2550 841 2623 por
864 2541 973 2606 lucem.
991 2546 1093 2607 mnni-
1173 2568 1174 2573 ¹

209 2645 365 2724 testatur,
393 2662 463 2708 oum
486 2651 583 2708 antea
612 2643 660 2707 itti
691 2653 781 2708 esset
813 2653 963 2727 tanquam
987 2648 1092 2713 obsite

209 2749 362 2813 tenebris.
662 2808 664 2813 .
1147 2742 1149 2748 ’

258 2856 288 2916 2.
312 2852 393 2929 Quia
426 2853 498 2934 ipse
530 2858 580 2914 est
612 2851 662 2914 sui
695 2851 797 2933 ipsius
828 2860 861 2916 et
884 2854 1022 2916 omnium
1046 2855 1094 2917 in-

165 3018 168 3023 .
213 2957 429 3039 telligibitium
453 2976 511 3020 sen
535 2955 773 3019 dlustrubitium
791 2955 999 3037 lucidissime,
1018 2977 1093 3021 cer·

179 3081 182 3085 ·
216 3061 358 3142 tissima,
391 3069 424 3124 et
458 3060 637 3123 firmissima
674 3060 832 3140 cognitio,
866 3062 990 3143 absque
1028 3061 1092 3126 ullu

210 3166 410 3247 ignorantia,
439 3164 493 3227 vel
516 3164 732 3243 obscuritct03
759 3162 855 3245 juxta
878 3164 974 3228 iliud:
1008 3165 1093 3230 Deus

210 3270 266 3334 tnc
288 3277 342 3351 cst,
365 3276 393 3333 ct
415 3268 559 3333 tenedrnc
579 3272 613 3332 tn
635 3286 671 3332 eo
694 3285 757 3332 non
779 3275 851 3333 sunt
874 3269 964 3333 uttac.
1011 3270 1092 3333 Hinc

210 3382 313 3439 totum
352 3392 486 3455 regnum
527 3372 729 3455 possibilium
768 3372 999 3437 lucidissimum
1033 3360 1100 3464 est„

213 3479 290 3561 quin
314 3479 493 3566 illustratur
519 3476 638 3541 infinita
662 3477 734 3546 luce
762 3476 956 3558 cognitionis
981 3478 1093 3561 ipsine.
