2817 4317
1038 374 1102 442 289

218 569 321 648 loris,
353 585 415 633 nec
442 569 527 630 intus
551 584 688 647 unquam
712 567 843 631 turbare
865 567 1004 649 poterit,
1028 566 1104 631 nihil

218 671 372 737 accidere
405 672 498 735 triste
530 671 585 735 vel
620 669 707 752 quod
739 672 841 734 minus
875 679 1021 753 gratum:
1056 673 1102 735 si·

218 776 348 857 mulque
368 776 538 841 certissimi
562 782 671 854 erunt,
703 777 788 839 bunc
820 782 937 841 statum
959 779 1032 841 fore
1054 779 1103 842 eis

215 882 458 963 sempiternum.
477 901 479 905 ·

259 985 383 1067 ltaque
398 985 479 1048 baec
499 985 581 1066 nnio,
604 986 634 1047 in
667 1004 729 1067 qua
752 994 785 1049 et
809 1005 962 1051 summum
985 988 1100 1051 bonum

215 1099 363 1155 nostrum
394 1098 427 1152 et
449 1109 572 1153 summa
595 1090 653 1153 Dei
674 1091 788 1171 gloria,
822 1091 917 1154 nubis
946 1092 1038 1157 unice
1061 1094 1105 1155 sit

215 1194 320 1276 cordi,
342 1202 375 1257 et
395 1193 437 1256 ad
460 1214 529 1258 eam
552 1214 651 1276 supra
676 1197 782 1260 omnia
798 1196 1013 1279 adspiremus.
1037 1196 1101 1262 Bo·

218 1317 263 1362 ua
296 1298 392 1381 hujus
426 1300 513 1361 vitae
548 1301 754 1380 quantumvis
784 1320 899 1383 magna
923 1301 1105 1382 videantur,

216 1423 299 1487 prae
322 1404 379 1467 illu
402 1406 487 1467 bono
508 1405 665 1468 vilescant
694 1407 787 1470 nobis
820 1409 926 1470 omnia
949 1415 982 1472 et
1004 1409 1107 1472 instar

216 1510 308 1574 uibili
331 1516 530 1591 reputentur.
576 1509 692 1573 Omnes
717 1518 850 1574 nostrae
874 1513 1101 1593 cogitationes,

218 1613 321 1681 curae
343 1622 376 1678 et
399 1615 530 1678 labores
554 1614 594 1676 ad
620 1614 700 1677 illud
719 1614 860 1696 tendant,
885 1635 945 1680 nee
975 1636 1107 1697 usquam

217 1720 281 1783 uisi
312 1720 341 1781 in
370 1719 427 1782 illo
449 1720 491 1804 sit
513 1719 609 1782 menti
633 1727 764 1783 nostrae
787 1720 926 1801 requies.
971 1720 1104 1799 Verum,

220 1825 296 1907 qnia
327 1830 445 1887 tantum
477 1825 594 1886 bouum
630 1824 725 1904 longe
762 1824 900 1905 positum
933 1833 984 1886 est
1007 1844 1106 1906 supra

221 1930 311 1993 vires
323 1936 472 2010 nostras,
496 1928 539 1991 ad
555 1935 586 1989 te
603 1928 814 2009 confugimus
838 1943 858 1991 o
878 1927 1107 2010 benignissime

221 2034 328 2114 Deus,
363 2032 470 2114 utqui
495 2032 565 2096 sola
589 2032 733 2095 bonitate
757 2039 810 2095 tua
832 2030 1037 2095 infinitanus
1062 2032 1102 2096 ad

222 2145 344 2201 tantum
370 2144 402 2201 et
420 2144 485 2200 tam
508 2134 644 2200 sublime
668 2137 784 2198 bonum
819 2136 860 2196 ab
891 2141 1026 2198 aeterno
1050 2134 1109 2196 de-

223 2227 366 2321 stinasti,
400 2248 433 2303 et
455 2249 488 2303 ut
509 2238 550 2301 ad
574 2238 653 2302 illud
676 2258 738 2302 nos
763 2238 981 2319 perducereS,
1014 2258 1106 2300 mun-

223 2346 299 2409 dum
331 2343 521 2422 condidisti,
555 2361 684 2407 carnem
720 2344 945 2430 assumpsisti,¹
974 2352 1108 2407 mortem
1197 2354 1200 2359 ’

224 2447 414 2530 sustinuisti,
436 2454 470 2512 et
491 2446 554 2510 alia
570 2446 815 2510 innumerabilia
831 2446 1027 2527 designasti,
1052 2446 1111 2508 be·

224 2551 413 2634 nignitatem
436 2558 522 2614 tuam
544 2548 576 2612 in
601 2568 660 2613 nos
683 2550 867 2629 continues,
890 2531 1001 2631 ‘neque
1024 2550 1110 2613 illam

224 2658 268 2720 ob
301 2654 564 2737 ingratitudinem
607 2654 659 2717 vel
695 2654 927 2736 negligentiam
960 2665 1112 2735 nostram,

225 2760 278 2824 val
298 2759 381 2825 allas
404 2760 563 2824 humanae
597 2760 682 2824 vitae
713 2759 824 2837 labes,
857 2778 941 2840 quae
974 2757 1110 2822 subinde

223 2883 286 2947 per
307 2863 516 2946 fragilitatem
549 2864 747 2946 subrepunt,
777 2865 952 2944 abrumpas
976 2864 1027 2925 nel
1054 2865 1111 2925 im·

225 2970 366 3048 minuas3
400 2969 459 3032 sed
492 2969 600 3052 potius
625 2967 810 3048 adaugeas,
841 2985 963 3029 memor
986 2966 1110 3029 aeterni

225 3070 353 3137 consilii
387 3072 431 3134 tui
463 3078 495 3134 et
528 3071 665 3135 omnium
700 3068 938 3132 miserationum
978 3076 1112 3147 tuarum,

227 3194 309 3258 quas
332 3175 486 3238 hacteuus
510 3175 706 3259 praestitisti
727 3173 833 3236 nobis.
865 3171 1010 3262 lllumina
1026 3190 1114 3233 men·

229 3288 281 3344 tes
304 3285 432 3344 nostras
453 3279 570 3372 lumine
593 3278 727 3361 spiritus
751 3277 813 3356 tui,
847 3293 912 3356 quo
947 3285 981 3338 et
1005 3274 1113 3339 mundi

870 3379 908 3444 13
