2817 4317
1029 561 1089 628 111

214 757 271 823 bus
301 759 348 822 sie
375 753 593 831 Tridentinum
623 751 713 818 Sass.
744 753 773 818 6.
797 772 867 835 oap.
894 753 922 816 7.
965 750 1091 816 Justifi-

210 861 350 947 oationis
385 868 505 926 museo
546 866 634 924 sunt:
676 856 781 923 finalis
812 858 950 941 quidem,
985 856 1092 940 gloria

210 964 279 1045 Dei,
303 972 337 1030 et
359 964 490 1046 Christi,
514 982 553 1028 ao
576 964 643 1027 vita
664 970 812 1044 aeterna3
835 962 980 1036 effioiens
1002 977 1093 1042 vero,

210 1055 396 1135 miserioors
415 1070 514 1151 Deus,
539 1068 592 1153 qui
612 1069 756 1151 gratuito
779 1068 894 1149 abluit,
917 1074 950 1131 et
971 1066 1088 1132 saneti«

212 1173 299 1253 iioat,
329 1174 463 1257 signans
491 1180 524 1240 et
552 1191 699 1256 unguens
722 1172 846 1256 Spiritu
868 1169 1091 1256 promissionis
1220 1208 1223 1215 ι

210 1285 340 1358 saneto,
372 1278 429 1360 qui
454 1286 506 1343 est
544 1279 662 1361 pignus
701 1274 911 1357 haereditatis
951 1280 1091 1340 nostrae.
1201 1327 1204 1334 .

211 1382 318 1465 itaque
351 1381 423 1447 taio
452 1383 500 1446 rei
528 1387 703 1464 opportuno
732 1382 798 1448 erit.
811 1369 1017 1447 consideratio
1050 1376 1092 1444 de

211 1486 285 1571 Deo,
314 1492 349 1549 ut
371 1492 423 1549 est
443 1485 571 1549 ultimus
593 1484 665 1548 finis
681 1486 827 1551 omnium.
863 1486 941 1551 Item
964 1483 1006 1547 de
1021 1481 1091 1547 Deo
1160 1528 1163 1534 ·

211 1592 460 1660 sanctificatore.
905 1639 913 1645 „

250 1697 357 1780 Perpit
398 1701 562 1782 msipaore
604 1713 721 1762 eaesae
757 1696 837 1759 otius
874 1692 1092 1756 Tridentinum

212 1804 316 1869 eodem
331 1802 428 1867 tuem·
472 1797 641 1863 Meritoria
665 1803 789 1873 autem,
818 1798 924 1877 ineat,
948 1796 1090 1861 dileetis-

211 1893 312 1972 simus
337 1903 529 1987 Unigenitns
552 1922 631 1968 suus
664 1899 817 1967 Dominus
850 1910 960 1965 noster
992 1901 1090 1967 iesus
1133 1965 1136 1972 ,

211 2006 375 2089 Christus,
414 2007 469 2089 qui
503 2025 574 2071 oum
607 2024 755 2068 essemus
788 2004 921 2086 inimioi,
954 2012 1091 2087 propter
1221 2093 1226 2098 η

210 2112 336 2177 nimiam
359 2110 547 2177 charitatem
572 2130 633 2193 qna
667 2109 782 2173 dilexit
813 2127 887 2187 nos,
923 2128 981 2173 sua
1014 2127 1090 2173 san·

169 2295 172 2302 .
210 2216 352 2286 otissima
374 2214 544 2298 passione,
567 2217 597 2278 in
621 2215 711 2297 ligno
734 2215 841 2280 oruois
859 2215 952 2279 nobis
970 2212 1091 2298 justifi-

209 2321 371 2390 maionem·
385 2320 508 2403 meruit,
532 2329 565 2383 et
591 2337 651 2402 pro
675 2320 769 2384 nobis
792 2320 862 2383 Deo
881 2318 970 2400 Patri
993 2316 1090 2381 satis·

209 2413 294 2490 feeit.
315 2422 320 2428 ’
341 2424 600 2489 instrumentalis
623 2425 717 2503 itam,
741 2424 983 2490 Sacramentum
1002 2422 1089 2505 Rapa

210 2528 302 2594 tismi.
327 2528 434 2602 ,Idem
451 2532 637 2595 censendam
661 2532 698 2594 tie
716 2530 789 2595 otiis
811 2531 1030 2604 sacramentis.

237 2634 383 2719 ‚uenum
402 2631 498 2697 unioa
520 2633 664 2698 formalis
684 2652 782 2700 eausa
806 2644 858 2700 ost
870 2633 998 2719 justitia
1011 2632 1089 2716 Dei;
1132 2680 1133 2683 ,

212 2758 269 2805 non
285 2758 351 2822 qua
364 2738 435 2821 ipse
448 2735 559 2821 justus
573 2746 634 2820 ast,
655 2738 715 2802 sed
732 2758 795 2824 qna
806 2757 864 2804 nos
871 2737 980 2823 justos
995 2738 1089 2820 faoit;

214 2829 278 2926 qua
296 2842 452 2916 videlieet
470 2843 510 2918 ab
534 2861 574 2907 eo
598 2843 726 2926 donati,
758 2838 960 2909 renovamur'
973 2844 1088 2928 spiritu

166 3007 167 3028 2
214 2951 325 3013 uentis
350 2953 498 3036 nostrae;
529 2955 562 3009 et
584 2966 646 3012 non
669 2946 767 3012 modo
790 2954 993 3031 reputamur,
1027 2944 1088 3012 sed

216 3071 287 3117 rere
305 3050 388 3135 justi
420 3033 632 3117 nominamur
655 3059 687 3115 et
720 3072 847 3133 sumus,
874 3051 1033 3136 justitiam
1055 3052 1087 3115 in

218 3146 303 3220 uobis
325 3155 521 3239 resipientes
544 3157 765 3240 uuusquisque
788 3177 888 3241 suam,
910 3157 1086 3223 seeundum

219 3275 391 3326 mensuram
419 3279 514 3343 quam
536 3262 676 3345 Spiritus
699 3271 830 3328 sanutus
862 3262 999 3347 partitur
1020 3261 1087 3348 siu·

220 3364 295 3441 gnus
319 3372 419 3449 prout
439 3365 520 3445 vult,
542 3371 575 3430 et
596 3356 769 3430 seeundum
791 3365 956 3448 propriam
977 3353 1088 3447 eujus·

222 3482 275 3544 que
292 3469 550 3552 dispositionem,
573 3476 607 3534 et
629 3468 924 3553 cooperationem(
