2817 4317
1089 621 1092 627 -
1115 578 1180 645 253

295 777 391 841 nibus
424 775 560 841 ulterior
587 775 713 857 existit,
747 775 844 858 idque
876 776 1116 859 perfectissime
1148 781 1181 838 et

297 880 581 964 completissime,
603 898 719 962 nempe
748 878 778 941 in
802 879 905 942 tribus
938 879 1111 961 personis,
1148 885 1181 942 et

296 1002 368 1049 oum
391 984 538 1048 omnibus
561 984 629 1047 sois
647 983 911 1066 perfectionibus,
935 985 1052 1065 opibus
1075 989 1107 1046 et
1121 981 1181 1045 do·

297 1089 356 1165 nis,
380 1107 464 1170 quae
486 1088 518 1152 io
548 1088 622 1169 ipso
646 1087 825 1151 eminenter
860 1087 1071 1152 eontinentur.
1115 1086 1181 1149 Do-

297 1193 394 1274 niqne
426 1191 547 1256 nullom
582 1179 722 1273 spatium
753 1197 817 1255 tum
855 1194 1002 1273 magnum
1038 1192 1079 1254 nb
1117 1190 1182 1252 nlla

298 1302 405 1359 mente
427 1302 537 1359 orente
561 1293 690 1375 oono'ipi
710 1300 826 1377 potest,
850 1295 935 1375 quin·
949 1293 1037 1357 Deus
1059 1292 1183 1356 infinite

298 1400 343 1463 sit
367 1396 487 1481 mnjor,
515 1398 646 1463 ,infinite
665 1408 757 1461 extra
784 1398 922 1461 ntultrn
946 1398 1025 1461 illud
1056 1398 1086 1459 in
1114 1415 1183 1459 om-

248 1580 251 1586 ,
297 1524 371 1567 nem
393 1512 517 1585 purtem
540 1502 746 1583 diffundatur,
776 1521 838 1566 non
862 1522 922 1585 per
944 1510 1074 1583 partes,
1099 1500 1184 1570 siout

298 1610 367 1686 afer,
390 1606 444 1670 uel
468 1605 621 1670 adalind
635 1613 771 1689 eorpus,
788 1606 852 1680 ,sed
878 1626 942 1689 per,
956 1626 992 1669 se
1016 1614 1126 1686 totum,
1149 1612 1182 1669 et

297 1729 360 1794 per
384 1728 462 1774 snus
485 1706 539 1792 (ut
560 1712 604 1773 itn
622 1710 765 1792 loquar)
788 1710 981 1791 totalitates,
1005 1711 1091 1775 siout
1114 1710 1182 1791 spi·

298 1815 391 1895 rimu,
427 1816 470 1878 ita
501 1822 535 1877 nt
565 1816 599 1884 in
632 1821 753 1897 puneto
786 1815 929 1896 quolibet
962 1816 1066 1878 totius
1084 1814 1183 1896 spatii

297 1922 341 1984 sit
363 1926 466 1996 totns,
497 1901 561 1983 non
586 1919 680 2001 quusi
702 1918 860 1995 flu'otnuns
880 1902 938 1980 'aut
961 1917 1097 1998 mobilis,
1120 1916 1183 1980 sed

298 2023 434 2087 firmiter
456 2040 593 2105 prorsus
615 2029 648 2085 nt
669 2022 891 2099 immobiliter,
917 2003 1078 2101 tamquam
1113 2038 1182 2082 nm·

299 2126 658 2210 niun-fundamentum:
958 2112 960 2118 ’

340 2232 423 2317 Τοῖα
454 2228 641 2312 magnitudo
672 2226 837 2307 universi,
877 2232 1031 2309 respectu
1054 2223 1181 2304 magni-

301 2335 422 2420 tudinis
452 2341 485 2398 et
517 2333 717 2406 extensionis
751 2332 829 2413 Dei,
866 2339 918 2396 est
943 2328 1055 2414 ,instar
1090 2328 1182 2392 nnius

254 2421 273 2434 ⁰
300 2458 425 2522 parvae
445 2445 574 2519 .guttne
610 2436 650 2499 ad
680 2437 924 2499 immensitatem
960 2434 1092 2514 oneani,
1129 2433 1183 2496 vel
1218 2417 1220 2422 ¹

278 2542 394 2606 ,unius
426 2531 600 2623 pulvisculi
632 2539 674 2603 ed
708 2541 898 2614 vastitatem·
924 2539 1022 2604 totius
1055 2525 1182 2617 mnndi3

298 2653 335 2711 ut
356 2645 537 2711 insinuatur
552 2644 630 2725 Sap.
651 2644 708 2724 ll,
729 2663 760 2705 ν.
783 2642 836 2722 23,
859 2640 1068 2706 ubidicitur:
1094 2643 1184 2732 Tam·

278 2754 393 2842 'quoru
414 2749 601 2834 momentum
622 2754 775 2825 staterae,
806 2750 856 2811 sie.
881 2751 932 2811 est
949 2747 1026 2811 unte
1048 2750 1077 2809 te
1099 2746 1185 2809 ortis

271 2862 476 2928 'terrerum
501 2858 542 2918 nt
577 2858 734 2934 tamqnam
769 2855 856 2933 putto
884 2853 967 2915 roris
998 2851 1185 2929 antelucani,

299 2949 386 3041 quae
402 2948 559 3021 deseendit
580 2958 613 3020 in
636 2961 775 3028 terrum„
808 2954 892 3034 lmo,
923 2959 959 3020 ut
989 2953 1114 3034 verius¹
1134 2952 1183 3040 di·

297 3080 381 3141 unm,
404 3061 489 3125 nolin
512 3059 596 3124 inter
619 3058 680 3123 Dei
703 3067 737 3123 et
753 3047 1181 3141 ,nniversi'mngnitudinem

299 3174 332 3231 et
345 3147 568 3229 extensionem
584 3172 635 3229 est
646 3145 825 3246 proportio,
841 3171 911 3226 oum
923 3160 1112 3243 magnitudo
1126 3180 1192 3228 ex·.

300 3253 459 3334 tensionis
475 3269 604 3332 divinoe
629 3266 749 3332 infinite
763 3267 902 3338 exundet
917 3285 981 3345 non
997 3266 1100 3329 solum
1117 3285 1183 3328 rnn-

300 3372 503 3455 gnitudinem,
522 3370 767 3452 nniversi,-ned
790 3372 884 3434 etiam
908 3388 1032 3434 omnem
1060 3369 1183 3451 magni·

283 3476 441 3548 ,tudinem
465 3478 507 3562 ab
529 3476 695 3542 intelleotu
718 3481 830 3539 orento
852 3464 1108 3556 ooneeptibilem.
