2817 4317
1071 573 1136 641 283

253 769 342 835 tifioo
365 771 474 853 prodit
495 772 527 835 in
548 789 630 854 opus
654 777 686 833 at
705 769 883 849 materiam,
906 775 939 832 et
954 770 1040 833 siout
1054 768 1136 832 ima·

252 894 296 959 go
320 896 362 939 ex
387 886 492 942 mente
514 877 651 959 pietonis
675 878 707 939 iu
731 876 883 940 tabulam.
927 874 999 939 Huo
1021 894 1134 938 rursus

251 999 312 1063 per
352 997 494 1044 amorem
532 980 727 1057 reduoimur,
769 987 803 1044 et
839 978 966 1051 reducti
998 977 1136 1057 unimur,

250 1090 290 1148 et
307 1083 573 1150 transformamur
604 1084 635 1147 iu
670 1084 776 1148 ideam
808 1089 967 1161 nostram,
998 1082 1082 1146 sieut
1105 1081 1135 1145 si

248 1189 360 1272 imago
388 1209 407 1253 e
435 1189 546 1253 tabula
576 1195 692 1272 posset
721 1208 759 1251 ro
780 1188 812 1251 in
838 1194 973 1251 mentem
998 1184 1134 1267 piotoria

247 1300 425 1377 penetrare
448 1300 481 1358 et
503 1292 635 1358 ibidem
655 1308 716 1356 auo
751 1291 928 1374 exemplari
959 1272 1068 1356 intime
1097 1306 1135 1354 so

247 1396 462 1482 oonjungere.

252 1501 254 1526 ³
293 1504 366 1568 Non
386 1507 487 1584 potest
507 1504 719 1585 inpransum
732 1504 978 1584 torneamenti,-
1000 1502 1055 1566 sed
1074 1517 1134 1581 po·

248 1611 309 1672 tout
330 1609 433 1686 imooo
456 1609 531 1684 otei,
563 1612 663 1686 potest
681 1610 789 1671 animo
810 1623 883 1670 meo
899 1607 947 1670 od
967 1607 1135 1684 imooioem

247 1711 310 1778 Dei
339 1711 401 1771 vini
431 1708 602 1794 efformata.
655 1694 828 1774 Reuertere⁴
843 1710 952 1788 initur,
982 1711 1135 1772 reuertere

248 1815 356 1877 naimo
380 1829 457 1887 meo,
479 1818 632 1876 revertere
647 1815 752 1893 imaue
771 1813 817 1876 nd
828 1815 1013 1892 prototypon
1028 1816 1134 1885 loom

248 1916 317 1980 'rodi
344 1914 411 1993 filio
433 1916 475 1979 od
496 1920 617 1996 patrem
638 1922 742 1992 toom;
776 1918 930 1981 osculetur
955 1921 984 1979 to
1011 1916 1063 1979 ilio
1081 1931 1133 1979 oo·

249 2018 319 2106 culo
340 2003 405 2083 orio
426 2022 495 2094 soi;
514 2037 588 2083 nmo
610 2020 705 2098 illam,
724 2016 860 2083 adfuere
874 2019 1134 2099 ilitiomplectero

248 2122 351 2202 illone,
383 2119 488 2201 [ruore
514 2122 575 2199 illo.
622 2124 670 2188 0!
698 2126 728 2187 si
754 2126 836 2187 omni
863 2121 968 2203 futuro
998 2118 1132 2187 saecuto.

248 2223 363 2289 Amen.
527 2221 529 2226 ’
1075 2233 1077 2238 ’

497 2432 754 2498 comannorum
777 2436 868 2496 xvm.
902 2394 904 2396 ¹

517 2592 563 2656 De
586 2592 772 2655 beatitudine
796 2589 862 2655 Dei.
896 2602 898 2610 ¹
937 2674 940 2677 Ι

496 2730 605 2779 Affeofn
624 2730 757 2780 fruitionis
777 2729 888 2780 divinae.
945 2765 947 2769 .

290 2852 463 2917 Beatitudo
485 2852 631 2917 formulis
657 2860 794 2943 naturae
817 2852 1005 2932 rationalis,
1026 2851 1130 2916 homi-

247 2957 298 3025 nis
317 2962 355 3020 ‘et
378 2953 518 3038 Angeli‚
550 2958 701 3022 consistit
727 2956 879 3021 inolara
909 2958 1034 3020 visione
1061 2956 1131 3038 Dei,

246 3060 361 3125 summi
385 3061 462 3125 boni
485 3060 599 3141 nostri,
622 3060 759 3145 ejusque
782 3079 891 3125 amore
921 3069 954 3124 et
971 3061 1131 3126 fruitione.

246 3164 341 3231 Unde
356 3164 423 3237 Dei
453 3164 621 3228 beatitudo
648 3165 795 3229 formalis
817 3166 964 3236 consistit
985 3166 1016 3227 iu
1041 3166 1130 3230 olara

246 3251 375 3331 visione
402 3268 472 3347 sui,
503 3268 612 3350 insui
644 3285 755 3332 amore
787 3277 820 3333 et
848 3271 1008 3335 fruitione.
1052 3267 1130 3351 lpse

246 3370 331 3436 euim
363 3370 448 3436 siout
488 3378 539 3435 eat
577 3389 731 3434 summum
769 3374 885 3437 bouum
923 3372 1062 3437 hominis
1097 3381 1131 3437 et

246 3474 379 3558 Augali,
401 3475 445 3539 ita
464 3477 563 3564 etiam,
582 3484 634 3564 est
655 3477 811 3541 summum
832 3481 950 3559 bouum
973 3477 1039 3541 sui:
1070 3496 1130 3543 neo
1211 3505 1214 3510 ·
