2817 4317
450 915 453 919 ι
520 868 780 935 ῸΟΝΒΙΒΕΒΑΤΙΟ
797 870 852 930 Vll.

505 1028 552 1092 Dc
572 1027 786 1119 ineffabilitate
809 1025 875 1091 Dei.

462 1138 760 1215 Allectuemoris
784 1171 817 1212 et
840 1164 916 1212 zeli.

292 1287 465 1370 lceffabilie
486 1285 621 1365 dicitur,
646 1284 675 1350 1.
699 1284 775 1367 quia
796 1284 890 1347 nullis
913 1284 1041 1366 verbis,
1065 1285 1134 1349 nul·

245 1392 289 1454 lis
313 1389 516 1454 sermonibus
539 1386 676 1471 exprimi
707 1394 819 1469 potest
842 1395 938 1471 prout
966 1387 997 1451 in
1021 1388 1134 1471 seipso

245 1502 317 1574 est3
352 1492 478 1558 etiemsi
510 1499 558 1557 tot
588 1491 662 1555 libri
693 1493 1009 1578 permantum-quot
1040 1492 1134 1556 etiam

245 1604 339 1662 totns
361 1596 496 1661 mandas
520 1614 640 1679 capere
665 1615 729 1659 non
751 1605 874 1678 posset.
971 1625 973 1630 ·

246 1732 249 1735 ·
295 1701 326 1765 2.
346 1698 427 1779 outa
450 1717 512 1763 non
536 1700 640 1763 solum
663 1699 759 1763 nullis
781 1699 893 1764 verbis
916 1701 1059 1765 externis
1082 1722 1134 1765 re-

248 1803 458 1888 praesentari
480 1810 607 1894 potesyt3
632 1803 811 1875 sedetiam
835 1800 908 1884 quia
936 1804 1022 1882 nulla
1047 1824 1135 1867 mene
1246 1883 1250 1894 .

248 1915 364 1973 creata
387 1909 515 1990 absque
531 1906 648 1970 lumine
669 1894 796 1989 gloriae
819 1910 930 1989 potest
961 1907 1069 1990 illum,
1084 1916 1138 1972 ‘nt

251 2012 360 2084 estin
384 2029 422 2075 se
444 2011 628 2093 concipere,
652 2027 692 2075 ao
713 2010 852 2093 proinde
870 2028 932 2075 neo
954 2010 1096 2076 verbis
1087 2032 1137 2074 m·

255 2114 360 2179 ternis
383 2115 472 2179 illam
495 2115 556 2179 sibi
579 2114 632 2177 vel
662 2114 735 2179 aliie
735 2120 1019 2228 repraesentare.
1061 2115 1136 2180 0m·

252 2220 304 2284 nis
338 2220 426 2284 enim
454 2226 633 2301 conceptue
670 2195 786 2283 mediis
820 2224 951 2284 creatae
984 2231 1048 2301 quo
1082 2220 1137 2303 illa

251 2322 356 2387 Deam
379 2326 502 2404 absque
525 2322 644 2388 lumine
666 2321 794 2405 gloriae
823 2321 999 2408 concipit,
1014 2322 1138 2389 infinite

252 2429 349 2517 abest
383 2427 570 2513 agennina
594 2426 667 2510 ejas
691 2422 999 2513 repraesentatione.
1043 2426 1138 2495 Unde

254 2530 379 2595 infinite
409 2531 521 2596 melius
550 2539 611 2595 est·
635 2552 729 2596 unum
762 2535 911 2613 verbnm,
951 2552 1016 2616 qao
1033 2533 1147 2599 Beati

253 2635 359 2699 Deum
381 2633 442 2698 eibi
461 2633 493 2695 in
516 2633 676 2697 mentione
702 2633 771 2697 scis
803 2633 1074 2718 repraesentant,
1107 2645 1140 2701 et

254 2733 455 2823 exprimunt,
485 2757 579 2819 quam
609 2738 711 2802 omnis
734 2738 895 2820 sapientia
920 2735 1085 2803 hominum
1105 2747 1140 2803 et

254 2842 469 2927 Angelorum.
486 2859 495 2868 ·
512 2842 584 2906 lloo
602 2841 698 2906 modo
716 2860 779 2920 non
796 2843 848 2906 eit
863 2841 1037 2934 ineffabilis
1054 2844 1139 2907 Bea-
1204 2909 1206 2914 ,

255 2949 317 3031 tis,
349 2937 409 3011 ead
443 2945 557 3027 nobie,
596 2953 630 3009 et
662 2948 832 3029 angelicae
864 2945 1029 3028 naturae,'
1046 2954 1138 3011 extra

255 3048 466 3116 beatitudinis
488 3056 615 3122 statum.
720 3089 723 3094 -

300 3154 329 3221 3.
352 3152 523 3236 Inelllrbilis
546 3153 677 3237 dicitur,
708 3155 781 3237 quia
803 3154 887 3219 adeo
910 3160 961 3219 est
983 3103 1139 3238 sablimis,

254 3258 417 3336 infinitus,
437 3258 501 3325 et
490 3275 678 3337 immensus,
709 3263 746 3321 nt
766 3261 872 3343 neque
895 3276 914 3321 a
937 3256 1047 3320 Beatis
1077 3277 1138 3340 per

257 3367 364 3430 lnmen
398 3361 522 3445 gloriae
550 3361 755 3458 adaequate,¹
779 3380 837 3427 eea
868 3359 1138 3442 comprehensive

256 3470 327 3589 nllo
351 3469 455 3533 veibo
470 3453 598 3532 mentis
629 3465 782 3549 exprimi,
814 3469 869 3548 ant
897 3466 1138 3550 repraesentari

826 3565 895 3636 11
912 3564 932 3606 *
