<?xml version="1.0" encoding="UTF-8"?>
<!DOCTYPE html PUBLIC "-//W3C//DTD XHTML 1.0 Transitional//EN"
    "http://www.w3.org/TR/xhtml1/DTD/xhtml1-transitional.dtd">
<html xmlns="http://www.w3.org/1999/xhtml" xml:lang="en" lang="en">
 <head>
  <title>
</title>
<meta http-equiv="Content-Type" content="text/html;charset=utf-8" />
  <meta name='ocr-system' content='tesseract 3.04.00' />
  <meta name='ocr-capabilities' content='ocr_page ocr_carea ocr_par ocr_line ocrx_word'/>
</head>
<body>
  <div class='ocr_page' id='page_1' title='image "./leonardilessiio00lessgoog_0312.png"; bbox 0 0 2817 4317; ppageno 0'>
   <div class='ocr_carea' id='block_1_1' title="bbox 1088 561 1147 629">
    <p class='ocr_par' dir='ltr' id='par_1_1' title="bbox 1088 561 1147 629">
     <span class='ocr_line' id='line_1_1' title="bbox 1088 561 1147 629; baseline 0.034 -2"><span class='ocrx_word' id='word_1_1' title='bbox 1088 561 1147 629; x_wconf 83' lang='lat'><strong>311</strong></span> 
     </span>
    </p>
   </div>
   <div class='ocr_carea' id='block_1_2' title="bbox 261 751 1155 1615">
    <p class='ocr_par' dir='ltr' id='par_1_2' title="bbox 261 751 1155 1615">
     <span class='ocr_line' id='line_1_2' title="bbox 261 751 1046 832; baseline -0.015 -16"><span class='ocrx_word' id='word_1_2' title='bbox 261 759 334 832; x_wconf 78' lang='lat' dir='ltr'><strong>Cap.</strong></span> <span class='ocrx_word' id='word_1_3' title='bbox 353 757 421 812; x_wconf 88' lang='lat' dir='ltr'><strong>Vlll.</strong></span> <span class='ocrx_word' id='word_1_4' title='bbox 459 756 498 810; x_wconf 81' lang='lat' dir='ltr'><strong>lle</strong></span> <span class='ocrx_word' id='word_1_5' title='bbox 518 758 619 826; x_wconf 86' lang='lat' dir='ltr'><strong>quarta</strong></span> <span class='ocrx_word' id='word_1_6' title='bbox 643 758 672 809; x_wconf 86' lang='lat' dir='ltr'><strong>et</strong></span> <span class='ocrx_word' id='word_1_7' title='bbox 696 754 791 821; x_wconf 90' lang='lat' dir='ltr'><strong>quinta</strong></span> <span class='ocrx_word' id='word_1_8' title='bbox 809 752 909 806; x_wconf 91' lang='lat' dir='ltr'><strong>unione</strong></span> <span class='ocrx_word' id='word_1_9' title='bbox 928 751 1046 807; x_wconf 85' lang='lat' dir='ltr'><strong>amantis</strong></span> 
     </span>
     <span class='ocr_line' id='line_1_3' title="bbox 336 836 1047 912; baseline -0.013 -11"><span class='ocrx_word' id='word_1_10' title='bbox 336 862 397 901; x_wconf 88' lang='lat' dir='ltr'><strong>cum</strong></span> <span class='ocrx_word' id='word_1_11' title='bbox 417 843 530 911; x_wconf 84' lang='lat' dir='ltr'><strong>dilecto,</strong></span> <span class='ocrx_word' id='word_1_12' title='bbox 550 846 651 912; x_wconf 89' lang='lat' dir='ltr'><strong>quarta</strong></span> <span class='ocrx_word' id='word_1_13' title='bbox 670 842 788 910; x_wconf 82' lang='lat' dir='ltr'><strong>quidem,</strong></span> <span class='ocrx_word' id='word_1_14' title='bbox 807 856 878 910; x_wconf 85' lang='lat' dir='ltr'><strong>qnae</strong></span> <span class='ocrx_word' id='word_1_15' title='bbox 893 836 925 894; x_wconf 83' lang='lat' dir='ltr'><strong>fit</strong></span> <span class='ocrx_word' id='word_1_16' title='bbox 937 855 989 910; x_wconf 83' lang='lat' dir='ltr'><strong>per</strong></span> <span class='ocrx_word' id='word_1_17' title='bbox 1002 856 1047 893; x_wconf 89' lang='lat' dir='ltr'><strong>su·</strong></span> 
     </span>
     <span class='ocr_line' id='line_1_4' title="bbox 340 928 1046 1001; baseline -0.011 -15"><span class='ocrx_word' id='word_1_18' title='bbox 340 932 449 987; x_wconf 86' lang='lat' dir='ltr'><strong>blimem</strong></span> <span class='ocrx_word' id='word_1_19' title='bbox 469 930 744 1001; x_wconf 83' lang='lat' dir='ltr'><strong>contemplationem,</strong></span> <span class='ocrx_word' id='word_1_20' title='bbox 764 928 859 997; x_wconf 84' lang='lat' dir='ltr'><strong>quinta</strong></span> <span class='ocrx_word' id='word_1_21' title='bbox 879 942 956 993; x_wconf 87' lang='lat' dir='ltr'><strong>vero,</strong></span> <span class='ocrx_word' id='word_1_22' title='bbox 976 940 1046 995; x_wconf 92' lang='lat' dir='ltr'><strong>quae</strong></span> 
     </span>
     <span class='ocr_line' id='line_1_5' title="bbox 339 1015 1046 1089; baseline -0.007 -17"><span class='ocrx_word' id='word_1_23' title='bbox 339 1016 372 1072; x_wconf 88' lang='lat' dir='ltr'><strong>lit</strong></span> <span class='ocrx_word' id='word_1_24' title='bbox 395 1034 447 1089; x_wconf 88' lang='lat' dir='ltr'><strong>per</strong></span> <span class='ocrx_word' id='word_1_25' title='bbox 470 1019 606 1088; x_wconf 89' lang='lat' dir='ltr'><strong>quandam</strong></span> <span class='ocrx_word' id='word_1_26' title='bbox 632 1016 862 1086; x_wconf 78' lang='lat' dir='ltr'><strong>liquefactionem</strong></span> <span class='ocrx_word' id='word_1_27' title='bbox 887 1020 916 1070; x_wconf 92' lang='lat' dir='ltr'><strong>et</strong></span> <span class='ocrx_word' id='word_1_28' title='bbox 940 1015 1046 1068; x_wconf 89' lang='lat' dir='ltr'><strong>demer-</strong></span> 
     </span>
     <span class='ocr_line' id='line_1_6' title="bbox 339 1104 1151 1177; baseline -0.002 -16"><span class='ocrx_word' id='word_1_29' title='bbox 339 1105 447 1161; x_wconf 81' lang='lat' dir='ltr'><strong>sionem</strong></span> <span class='ocrx_word' id='word_1_30' title='bbox 466 1105 493 1160; x_wconf 92' lang='lat' dir='ltr'><strong>in</strong></span> <span class='ocrx_word' id='word_1_31' title='bbox 512 1106 644 1177; x_wconf 76' lang='lat' dir='ltr'><strong>abyssum</strong></span> <span class='ocrx_word' id='word_1_32' title='bbox 662 1104 862 1160; x_wconf 86' lang='lat' dir='ltr'><strong>Divinitatis.</strong></span> <span class='ocrx_word' id='word_1_33' title='bbox 916 1141 923 1154; x_wconf 83' lang='lat'><strong>·</strong></span> <span class='ocrx_word' id='word_1_34' title='bbox 977 1141 984 1155; x_wconf 76' lang='lat'><strong>·</strong></span> <span class='ocrx_word' id='word_1_35' title='bbox 1039 1141 1046 1154; x_wconf 83' lang='lat'>·</span> <span class='ocrx_word' id='word_1_36' title='bbox 1099 1104 1151 1160; x_wconf 88' lang='grc'><strong>209</strong></span> 
     </span>
     <span class='ocr_line' id='line_1_7' title="bbox 269 1188 1048 1266; baseline -0.006 -17"><span class='ocrx_word' id='word_1_37' title='bbox 269 1195 340 1266; x_wconf 79' lang='lat' dir='ltr'><strong>Gap.</strong></span> <span class='ocrx_word' id='word_1_38' title='bbox 360 1196 404 1249; x_wconf 66' lang='lat' dir='ltr'><strong>lX„</strong></span> <span class='ocrx_word' id='word_1_39' title='bbox 433 1194 577 1259; x_wconf 76' lang='lat' dir='ltr'><strong>Quomodo</strong></span> <span class='ocrx_word' id='word_1_40' title='bbox 598 1195 666 1247; x_wconf 87' lang='lat' dir='ltr'><strong>baec</strong></span> <span class='ocrx_word' id='word_1_41' title='bbox 685 1189 850 1260; x_wconf 82' lang='lat' dir='ltr'><strong>liquefactio</strong></span> <span class='ocrx_word' id='word_1_42' title='bbox 864 1205 914 1245; x_wconf 82' lang='lat' dir='ltr'><strong>seu</strong></span> <span class='ocrx_word' id='word_1_43' title='bbox 927 1188 1048 1244; x_wconf 86' lang='lat' dir='ltr'><strong>delectio</strong></span> 
     </span>
     <span class='ocr_line' id='line_1_8' title="bbox 335 1277 1154 1352; baseline 0 -17"><span class='ocrx_word' id='word_1_44' title='bbox 335 1298 387 1352; x_wconf 88' lang='lat' dir='ltr'><strong>per</strong></span> <span class='ocrx_word' id='word_1_45' title='bbox 404 1297 527 1336; x_wconf 90' lang='lat' dir='ltr'><strong>amorem</strong></span> <span class='ocrx_word' id='word_1_46' title='bbox 557 1280 708 1351; x_wconf 79' lang='lat' dir='ltr'><strong>dupliciter</strong></span> <span class='ocrx_word' id='word_1_47' title='bbox 732 1277 795 1335; x_wconf 89' lang='lat' dir='ltr'><strong>lieri</strong></span> <span class='ocrx_word' id='word_1_48' title='bbox 813 1280 907 1350; x_wconf 83' lang='lat' dir='ltr'><strong>possit</strong></span> <span class='ocrx_word' id='word_1_49' title='bbox 979 1320 985 1332; x_wconf 89' lang='lat'><strong>.</strong></span> <span class='ocrx_word' id='word_1_50' title='bbox 1039 1318 1046 1331; x_wconf 88' lang='lat'><strong>.</strong></span> <span class='ocrx_word' id='word_1_51' title='bbox 1101 1280 1154 1335; x_wconf 93' lang='grc'><strong>212</strong></span> 
     </span>
     <span class='ocr_line' id='line_1_9' title="bbox 264 1368 1047 1440; baseline -0.008 -14"><span class='ocrx_word' id='word_1_52' title='bbox 264 1370 332 1439; x_wconf 82' lang='lat' dir='ltr'><strong>Gap.</strong></span> <span class='ocrx_word' id='word_1_53' title='bbox 350 1368 384 1423; x_wconf 89' lang='lat' dir='ltr'><strong>X.</strong></span> <span class='ocrx_word' id='word_1_54' title='bbox 419 1368 564 1434; x_wconf 75' lang='lat' dir='ltr'><strong>Quomodo</strong></span> <span class='ocrx_word' id='word_1_55' title='bbox 584 1370 711 1424; x_wconf 85' lang='lat' dir='ltr'><strong>dicantur</strong></span> <span class='ocrx_word' id='word_1_56' title='bbox 729 1370 835 1424; x_wconf 87' lang='lat' dir='ltr'><strong>intrare</strong></span> <span class='ocrx_word' id='word_1_57' title='bbox 855 1369 986 1440; x_wconf 81' lang='lat' dir='ltr'><strong>abyssum</strong></span> <span class='ocrx_word' id='word_1_58' title='bbox 1000 1368 1047 1421; x_wconf 91' lang='grc'><strong>01-</strong></span> 
     </span>
     <span class='ocr_line' id='line_1_10' title="bbox 337 1454 1155 1527; baseline 0.006 -20"><span class='ocrx_word' id='word_1_59' title='bbox 337 1454 472 1523; x_wconf 87' lang='lat' dir='ltr'><strong>vinitatis,</strong></span> <span class='ocrx_word' id='word_1_60' title='bbox 490 1460 519 1509; x_wconf 90' lang='lat' dir='ltr'><strong>et</strong></span> <span class='ocrx_word' id='word_1_61' title='bbox 537 1473 568 1509; x_wconf 90' lang='lat' dir='ltr'><strong>se</strong></span> <span class='ocrx_word' id='word_1_62' title='bbox 589 1456 614 1508; x_wconf 90' lang='lat' dir='ltr'><strong>in</strong></span> <span class='ocrx_word' id='word_1_63' title='bbox 634 1456 684 1508; x_wconf 87' lang='lat' dir='ltr'><strong>illa</strong></span> <span class='ocrx_word' id='word_1_64' title='bbox 703 1457 821 1527; x_wconf 86' lang='lat' dir='ltr'><strong>perdere</strong></span> <span class='ocrx_word' id='word_1_65' title='bbox 859 1497 865 1510; x_wconf 88' lang='lat'><strong><em>.</em></strong></span> <span class='ocrx_word' id='word_1_66' title='bbox 921 1499 927 1512; x_wconf 89' lang='lat'>.</span> <span class='ocrx_word' id='word_1_67' title='bbox 980 1496 986 1510; x_wconf 89' lang='lat'><em>.</em></span> <span class='ocrx_word' id='word_1_68' title='bbox 1041 1494 1048 1507; x_wconf 84' lang='lat'><strong>.</strong></span> <span class='ocrx_word' id='word_1_69' title='bbox 1102 1456 1155 1512; x_wconf 94' lang='grc'><strong>211</strong></span> 
     </span>
     <span class='ocr_line' id='line_1_11' title="bbox 267 1542 1050 1615; baseline -0.004 -17"><span class='ocrx_word' id='word_1_70' title='bbox 267 1544 335 1613; x_wconf 74' lang='lat' dir='ltr'><strong>Cap.</strong></span> <span class='ocrx_word' id='word_1_71' title='bbox 355 1544 398 1597; x_wconf 86' lang='lat' dir='ltr'><strong>Xl</strong></span> <span class='ocrx_word' id='word_1_72' title='bbox 433 1542 578 1608; x_wconf 76' lang='lat' dir='ltr'><strong>Quomodo</strong></span> <span class='ocrx_word' id='word_1_73' title='bbox 605 1544 630 1597; x_wconf 91' lang='lat' dir='ltr'><strong>iu</strong></span> <span class='ocrx_word' id='word_1_74' title='bbox 658 1559 753 1598; x_wconf 84' lang='lat' dir='ltr'><strong>amore</strong></span> <span class='ocrx_word' id='word_1_75' title='bbox 773 1545 811 1598; x_wconf 90' lang='lat' dir='ltr'><strong>sit</strong></span> <span class='ocrx_word' id='word_1_76' title='bbox 828 1549 978 1615; x_wconf 85' lang='lat' dir='ltr'><strong>perpetuos</strong></span> <span class='ocrx_word' id='word_1_77' title='bbox 997 1544 1050 1596; x_wconf 89' lang='lat' dir='ltr'><strong>cir·</strong></span> 
     </span>
    </p>
   </div>
   <div class='ocr_carea' id='block_1_3' title="bbox 268 1631 1156 1787">
    <p class='ocr_par' dir='ltr' id='par_1_3' title="bbox 268 1631 1156 1787">
     <span class='ocr_line' id='line_1_12' title="bbox 338 1631 1155 1690; baseline 0.005 -7"><span class='ocrx_word' id='word_1_78' title='bbox 338 1631 415 1684; x_wconf 90' lang='lat' dir='ltr'><strong>culus</strong></span> <span class='ocrx_word' id='word_1_79' title='bbox 435 1637 463 1684; x_wconf 85' lang='lat' dir='ltr'><strong>ct</strong></span> <span class='ocrx_word' id='word_1_80' title='bbox 481 1638 571 1685; x_wconf 87' lang='lat' dir='ltr'><strong>motus</strong></span> <span class='ocrx_word' id='word_1_81' title='bbox 591 1631 736 1690; x_wconf 87' lang='lat' dir='ltr'><strong>circularis</strong></span> <span class='ocrx_word' id='word_1_82' title='bbox 1103 1632 1155 1687; x_wconf 82' lang='grc'><strong>215</strong></span> 
     </span>
     <span class='ocr_line' id='line_1_13' title="bbox 268 1716 1156 1787; baseline 0.001 -14"><span class='ocrx_word' id='word_1_83' title='bbox 268 1718 337 1787; x_wconf 83' lang='lat' dir='ltr'><strong>Cap.</strong></span> <span class='ocrx_word' id='word_1_84' title='bbox 357 1716 414 1771; x_wconf 83' lang='lat' dir='ltr'><strong>xll.</strong></span> <span class='ocrx_word' id='word_1_85' title='bbox 445 1716 595 1773; x_wconf 79' lang='lat' dir='ltr'><strong>Conclusio</strong></span> <span class='ocrx_word' id='word_1_86' title='bbox 615 1754 1050 1771; x_wconf 87' lang='lat'><strong>........</strong></span> <span class='ocrx_word' id='word_1_87' title='bbox 1104 1718 1156 1775; x_wconf 94' lang='grc'><strong>216</strong></span> 
     </span>
    </p>
   </div>
   <div class='ocr_carea' id='block_1_4' title="bbox 364 1881 1056 1959">
    <p class='ocr_par' dir='ltr' id='par_1_4' title="bbox 364 1881 1056 1959">
     <span class='ocr_line' id='line_1_14' title="bbox 364 1881 1056 1959; baseline 0.001 -18"><span class='ocrx_word' id='word_1_88' title='bbox 364 1881 603 1942; x_wconf 83' lang='lat' dir='ltr'><strong>Consideruliones</strong></span> <span class='ocrx_word' id='word_1_89' title='bbox 621 1886 682 1942; x_wconf 88' lang='lat' dir='ltr'><strong>viae</strong></span> <span class='ocrx_word' id='word_1_90' title='bbox 705 1886 831 1958; x_wconf 78' lang='lat' dir='ltr'><strong>umbrae,</strong></span> <span class='ocrx_word' id='word_1_91' title='bbox 849 1899 900 1959; x_wconf 94' lang='lat' dir='ltr'><strong>pro</strong></span> <span class='ocrx_word' id='word_1_92' title='bbox 919 1882 1056 1959; x_wconf 74' lang='lat' dir='ltr'><strong>perlectis.</strong></span> 
     </span>
    </p>
   </div>
   <div class='ocr_carea' id='block_1_5' title="bbox 268 1998 1157 2153">
    <p class='ocr_par' dir='ltr' id='par_1_5' title="bbox 268 1998 1157 2153">
     <span class='ocr_line' id='line_1_15' title="bbox 270 1998 1157 2055; baseline 0.005 -5"><span class='ocrx_word' id='word_1_93' title='bbox 270 1998 466 2050; x_wconf 85' lang='lat' dir='ltr'><strong>Documentum</strong></span> <span class='ocrx_word' id='word_1_94' title='bbox 497 2034 1052 2051; x_wconf 89' lang='grc'><strong>..........</strong></span> <span class='ocrx_word' id='word_1_95' title='bbox 1106 1999 1157 2055; x_wconf 91' lang='grc'><strong>219</strong></span> 
     </span>
     <span class='ocr_line' id='line_1_16' title="bbox 268 2079 1051 2153; baseline -0.004 -15"><span class='ocrx_word' id='word_1_96' title='bbox 268 2079 518 2138; x_wconf 74' lang='lat' dir='ltr'><strong>considerationes</strong></span> <span class='ocrx_word' id='word_1_97' title='bbox 543 2081 576 2134; x_wconf 90' lang='lat' dir='ltr'><strong>de</strong></span> <span class='ocrx_word' id='word_1_98' title='bbox 597 2082 672 2150; x_wconf 86' lang='lat' dir='ltr'><strong>Deo,</strong></span> <span class='ocrx_word' id='word_1_99' title='bbox 700 2087 837 2150; x_wconf 89' lang='lat' dir='ltr'><strong>quatenus</strong></span> <span class='ocrx_word' id='word_1_100' title='bbox 864 2088 909 2138; x_wconf 89' lang='lat' dir='ltr'><strong>est</strong></span> <span class='ocrx_word' id='word_1_101' title='bbox 935 2084 1051 2153; x_wconf 91' lang='lat' dir='ltr'><strong>primum</strong></span> 
     </span>
    </p>
   </div>
   <div class='ocr_carea' id='block_1_6' title="bbox 269 2168 1160 3545">
    <p class='ocr_par' dir='ltr' id='par_1_6' title="bbox 269 2168 1160 3545">
     <span class='ocr_line' id='line_1_17' title="bbox 346 2168 1158 2241; baseline 0.007 -18"><span class='ocrx_word' id='word_1_102' title='bbox 346 2185 438 2223; x_wconf 87' lang='lat' dir='ltr'><strong>rerum</strong></span> <span class='ocrx_word' id='word_1_103' title='bbox 458 2168 577 2223; x_wconf 92' lang='lat' dir='ltr'><strong>omnium</strong></span> <span class='ocrx_word' id='word_1_104' title='bbox 596 2170 761 2241; x_wconf 90' lang='lat' dir='ltr'><strong>principium</strong></span> <span class='ocrx_word' id='word_1_105' title='bbox 801 2210 1052 2225; x_wconf 90' lang='grc'><strong>.....</strong></span> <span class='ocrx_word' id='word_1_106' title='bbox 1106 2174 1158 2229; x_wconf 89' lang='grc'><strong>220</strong></span> 
     </span>
     <span class='ocr_line' id='line_1_18' title="bbox 272 2257 1158 2327; baseline 0 -10"><span class='ocrx_word' id='word_1_107' title='bbox 272 2258 415 2317; x_wconf 89' lang='lat' dir='ltr'><strong>Precatio.</strong></span> <span class='ocrx_word' id='word_1_108' title='bbox 452 2258 496 2313; x_wconf 81' lang='lat' dir='ltr'><strong>Ad</strong></span> <span class='ocrx_word' id='word_1_109' title='bbox 514 2259 606 2327; x_wconf 85' lang='lat' dir='ltr'><strong>Deum,</strong></span> <span class='ocrx_word' id='word_1_110' title='bbox 626 2275 717 2314; x_wconf 89' lang='lat' dir='ltr'><strong>rerum</strong></span> <span class='ocrx_word' id='word_1_111' title='bbox 736 2257 855 2314; x_wconf 91' lang='lat' dir='ltr'><strong>omnium</strong></span> <span class='ocrx_word' id='word_1_112' title='bbox 874 2265 927 2314; x_wconf 80' lang='lat' dir='ltr'><strong>eto.</strong></span> <span class='ocrx_word' id='word_1_113' title='bbox 984 2301 989 2312; x_wconf 93' lang='lat'>.</span> <span class='ocrx_word' id='word_1_114' title='bbox 1045 2300 1051 2313; x_wconf 87' lang='lat'><em>.</em></span> <span class='ocrx_word' id='word_1_115' title='bbox 1105 2263 1158 2317; x_wconf 87' lang='grc'><strong>221</strong></span> 
     </span>
     <span class='ocr_line' id='line_1_19' title="bbox 273 2346 1156 2407; baseline 0.008 -7"><span class='ocrx_word' id='word_1_116' title='bbox 273 2348 314 2400; x_wconf 82' lang='lat' dir='ltr'><strong>lle</strong></span> <span class='ocrx_word' id='word_1_117' title='bbox 334 2346 392 2400; x_wconf 87' lang='lat' dir='ltr'><strong>Deo</strong></span> <span class='ocrx_word' id='word_1_118' title='bbox 412 2349 543 2401; x_wconf 89' lang='lat' dir='ltr'><strong>creatore</strong></span> <span class='ocrx_word' id='word_1_119' title='bbox 1104 2351 1156 2407; x_wconf 79' lang='lat'><strong>22⁵</strong></span> 
     </span>
     <span class='ocr_line' id='line_1_20' title="bbox 271 2434 1157 2495; baseline 0.007 -6"><span class='ocrx_word' id='word_1_120' title='bbox 271 2434 410 2489; x_wconf 83' lang='lat' dir='ltr'><strong>Precatio.</strong></span> <span class='ocrx_word' id='word_1_121' title='bbox 449 2434 491 2487; x_wconf 82' lang='lat' dir='ltr'><strong>Ad</strong></span> <span class='ocrx_word' id='word_1_122' title='bbox 510 2435 596 2487; x_wconf 87' lang='lat' dir='ltr'><strong>Deum</strong></span> <span class='ocrx_word' id='word_1_123' title='bbox 615 2440 774 2490; x_wconf 88' lang='lat' dir='ltr'><strong>creatorem</strong></span> <span class='ocrx_word' id='word_1_124' title='bbox 799 2476 1050 2491; x_wconf 85' lang='grc'><strong>.....</strong></span> <span class='ocrx_word' id='word_1_125' title='bbox 1105 2439 1157 2495; x_wconf 85' lang='grc'><strong>228</strong></span> 
     </span>
     <span class='ocr_line' id='line_1_21' title="bbox 269 2521 1158 2582; baseline 0.008 -7"><span class='ocrx_word' id='word_1_126' title='bbox 269 2521 309 2575; x_wconf 91' lang='lat' dir='ltr'><strong>De</strong></span> <span class='ocrx_word' id='word_1_127' title='bbox 329 2522 388 2575; x_wconf 87' lang='lat' dir='ltr'><strong>Deo</strong></span> <span class='ocrx_word' id='word_1_128' title='bbox 407 2524 610 2577; x_wconf 83' lang='lat' dir='ltr'><strong>conservatore</strong></span> <span class='ocrx_word' id='word_1_129' title='bbox 629 2539 720 2577; x_wconf 89' lang='lat' dir='ltr'><strong>rerum</strong></span> <span class='ocrx_word' id='word_1_130' title='bbox 739 2524 856 2578; x_wconf 92' lang='lat' dir='ltr'><strong>omnium</strong></span> <span class='ocrx_word' id='word_1_131' title='bbox 924 2565 930 2578; x_wconf 89' lang='lat'><em>.</em></span> <span class='ocrx_word' id='word_1_132' title='bbox 986 2566 991 2578; x_wconf 93' lang='lat'><em>.</em></span> <span class='ocrx_word' id='word_1_133' title='bbox 1044 2566 1050 2579; x_wconf 85' lang='lat'><em>.</em></span> <span class='ocrx_word' id='word_1_134' title='bbox 1105 2526 1158 2582; x_wconf 88' lang='grc'><strong>230</strong></span> 
     </span>
     <span class='ocr_line' id='line_1_22' title="bbox 270 2608 1155 2670; baseline 0.005 -6"><span class='ocrx_word' id='word_1_135' title='bbox 270 2610 410 2664; x_wconf 83' lang='lat' dir='ltr'><strong>Precatio.</strong></span> <span class='ocrx_word' id='word_1_136' title='bbox 446 2610 489 2665; x_wconf 81' lang='lat' dir='ltr'><strong>Ad</strong></span> <span class='ocrx_word' id='word_1_137' title='bbox 508 2608 593 2662; x_wconf 87' lang='lat' dir='ltr'><strong>Deum</strong></span> <span class='ocrx_word' id='word_1_138' title='bbox 612 2615 841 2666; x_wconf 89' lang='lat' dir='ltr'><strong>conservatorem</strong></span> <span class='ocrx_word' id='word_1_139' title='bbox 859 2615 914 2665; x_wconf 85' lang='lat' dir='ltr'><strong>etc.</strong></span> <span class='ocrx_word' id='word_1_140' title='bbox 983 2653 989 2665; x_wconf 91' lang='lat'><strong>.</strong></span> <span class='ocrx_word' id='word_1_141' title='bbox 1044 2652 1050 2665; x_wconf 89' lang='lat'>.</span> <span class='ocrx_word' id='word_1_142' title='bbox 1105 2613 1155 2670; x_wconf 85' lang='grc'><strong>231</strong></span> 
     </span>
     <span class='ocr_line' id='line_1_23' title="bbox 269 2692 1158 2760; baseline 0.004 -9"><span class='ocrx_word' id='word_1_143' title='bbox 269 2695 311 2751; x_wconf 86' lang='lat' dir='ltr'><strong>De</strong></span> <span class='ocrx_word' id='word_1_144' title='bbox 330 2692 467 2751; x_wconf 89' lang='lat' dir='ltr'><strong>infinitate</strong></span> <span class='ocrx_word' id='word_1_145' title='bbox 486 2695 536 2749; x_wconf 86' lang='lat' dir='ltr'><strong>Dei</strong></span> <span class='ocrx_word' id='word_1_146' title='bbox 558 2735 1051 2751; x_wconf 88' lang='grc'><strong>.........</strong></span> <span class='ocrx_word' id='word_1_147' title='bbox 1106 2702 1158 2760; x_wconf 82' lang='grc'><strong>233</strong></span> 
     </span>
     <span class='ocr_line' id='line_1_24' title="bbox 269 2783 1157 2845; baseline 0.006 -6"><span class='ocrx_word' id='word_1_148' title='bbox 269 2785 411 2839; x_wconf 84' lang='lat' dir='ltr'><strong>Precatio.</strong></span> <span class='ocrx_word' id='word_1_149' title='bbox 448 2784 490 2838; x_wconf 81' lang='lat' dir='ltr'><strong>Ad</strong></span> <span class='ocrx_word' id='word_1_150' title='bbox 510 2783 673 2839; x_wconf 81' lang='lat' dir='ltr'><strong>intinitatem</strong></span> <span class='ocrx_word' id='word_1_151' title='bbox 692 2786 745 2838; x_wconf 86' lang='lat' dir='ltr'><strong>Dei</strong></span> <span class='ocrx_word' id='word_1_152' title='bbox 800 2825 1050 2840; x_wconf 90' lang='grc'><strong>.....</strong></span> <span class='ocrx_word' id='word_1_153' title='bbox 1105 2787 1157 2845; x_wconf 87' lang='grc'><strong>236</strong></span> 
     </span>
     <span class='ocr_line' id='line_1_25' title="bbox 272 2870 1157 2941; baseline -0.001 -16"><span class='ocrx_word' id='word_1_154' title='bbox 272 2873 312 2927; x_wconf 85' lang='lat' dir='ltr'><strong>lle</strong></span> <span class='ocrx_word' id='word_1_155' title='bbox 332 2870 663 2941; x_wconf 87' lang='lat' dir='ltr'><strong>incomprehensibilitate</strong></span> <span class='ocrx_word' id='word_1_156' title='bbox 684 2871 734 2926; x_wconf 83' lang='lat' dir='ltr'><strong>llai</strong></span> <span class='ocrx_word' id='word_1_157' title='bbox 800 2913 1050 2928; x_wconf 86' lang='grc'><strong><em>.....</em></strong></span> <span class='ocrx_word' id='word_1_158' title='bbox 1105 2877 1157 2934; x_wconf 79' lang='grc'><strong>237</strong></span> 
     </span>
     <span class='ocr_line' id='line_1_26' title="bbox 272 2958 1158 3030; baseline 0.001 -15"><span class='ocrx_word' id='word_1_159' title='bbox 272 2958 413 3015; x_wconf 87' lang='lat' dir='ltr'><strong>Precatio.</strong></span> <span class='ocrx_word' id='word_1_160' title='bbox 450 2960 492 3013; x_wconf 82' lang='lat' dir='ltr'><strong>Ad</strong></span> <span class='ocrx_word' id='word_1_161' title='bbox 518 2958 879 3030; x_wconf 83' lang='lat' dir='ltr'><strong>incomprehensibilitatem</strong></span> <span class='ocrx_word' id='word_1_162' title='bbox 899 2962 948 3016; x_wconf 86' lang='lat' dir='ltr'><strong>Dei</strong></span> <span class='ocrx_word' id='word_1_163' title='bbox 985 3004 990 3015; x_wconf 92' lang='lat'><strong>.</strong></span> <span class='ocrx_word' id='word_1_164' title='bbox 1046 3004 1051 3015; x_wconf 90' lang='lat'>.</span> <span class='ocrx_word' id='word_1_165' title='bbox 1106 2966 1158 3021; x_wconf 82' lang='grc'><strong>239</strong></span> 
     </span>
     <span class='ocr_line' id='line_1_27' title="bbox 274 3045 1158 3108; baseline 0.007 -7"><span class='ocrx_word' id='word_1_166' title='bbox 274 3049 313 3101; x_wconf 88' lang='lat' dir='ltr'><strong>De</strong></span> <span class='ocrx_word' id='word_1_167' title='bbox 332 3045 524 3101; x_wconf 82' lang='lat' dir='ltr'><strong>invisibilitate</strong></span> <span class='ocrx_word' id='word_1_168' title='bbox 544 3047 595 3100; x_wconf 82' lang='lat' dir='ltr'><strong>liei</strong></span> <span class='ocrx_word' id='word_1_169' title='bbox 615 3086 1049 3102; x_wconf 88' lang='grc'><strong>........</strong></span> <span class='ocrx_word' id='word_1_170' title='bbox 1105 3052 1158 3108; x_wconf 94' lang='grc'><strong>210</strong></span> 
     </span>
     <span class='ocr_line' id='line_1_28' title="bbox 274 3133 1156 3195; baseline 0.006 -5"><span class='ocrx_word' id='word_1_171' title='bbox 274 3135 413 3192; x_wconf 88' lang='lat' dir='ltr'><strong>Precatio.</strong></span> <span class='ocrx_word' id='word_1_172' title='bbox 449 3138 493 3191; x_wconf 84' lang='lat' dir='ltr'><strong>Ad</strong></span> <span class='ocrx_word' id='word_1_173' title='bbox 513 3133 734 3190; x_wconf 86' lang='lat' dir='ltr'><strong>invisibilitatem</strong></span> <span class='ocrx_word' id='word_1_174' title='bbox 754 3136 804 3190; x_wconf 87' lang='lat' dir='ltr'><strong>Dei</strong></span> <span class='ocrx_word' id='word_1_175' title='bbox 864 3179 871 3191; x_wconf 88' lang='lat'><strong><em>.</em></strong></span> <span class='ocrx_word' id='word_1_176' title='bbox 925 3180 930 3191; x_wconf 93' lang='lat'><strong><em>.</em></strong></span> <span class='ocrx_word' id='word_1_177' title='bbox 985 3178 991 3192; x_wconf 88' lang='lat'><em>.</em></span> <span class='ocrx_word' id='word_1_178' title='bbox 1046 3178 1052 3190; x_wconf 94' lang='lat'>.</span> <span class='ocrx_word' id='word_1_179' title='bbox 1106 3140 1156 3195; x_wconf 90' lang='grc'><strong>211</strong></span> 
     </span>
     <span class='ocr_line' id='line_1_29' title="bbox 274 3215 1159 3285; baseline 0.006 -7"><span class='ocrx_word' id='word_1_180' title='bbox 274 3224 315 3278; x_wconf 79' lang='lat' dir='ltr'><strong>Ile</strong></span> <span class='ocrx_word' id='word_1_181' title='bbox 334 3222 531 3279; x_wconf 82' lang='lat' dir='ltr'><strong>ineffabilitate</strong></span> <span class='ocrx_word' id='word_1_182' title='bbox 550 3225 625 3278; x_wconf 87' lang='lat' dir='ltr'><strong>Dei.</strong></span> <span class='ocrx_word' id='word_1_183' title='bbox 681 3265 687 3278; x_wconf 92' lang='lat'>.</span> <span class='ocrx_word' id='word_1_184' title='bbox 743 3264 750 3276; x_wconf 94' lang='lat'><strong>.</strong></span> <span class='ocrx_word' id='word_1_185' title='bbox 803 3264 810 3276; x_wconf 83' lang='grc'><strong>.</strong></span> <span class='ocrx_word' id='word_1_186' title='bbox 866 3266 872 3277; x_wconf 93' lang='grc'>.</span> <span class='ocrx_word' id='word_1_187' title='bbox 926 3215 932 3280; x_wconf 69' lang='grc' dir='ltr'>ζ</span> <span class='ocrx_word' id='word_1_188' title='bbox 986 3267 992 3279; x_wconf 95' lang='grc'><strong><em>.</em></strong></span> <span class='ocrx_word' id='word_1_189' title='bbox 1046 3265 1052 3279; x_wconf 88' lang='grc'><strong>.</strong></span> <span class='ocrx_word' id='word_1_190' title='bbox 1105 3227 1159 3285; x_wconf 84' lang='grc'><strong>213</strong></span> 
     </span>
     <span class='ocr_line' id='line_1_30' title="bbox 274 3307 1159 3369; baseline 0.001 -2"><span class='ocrx_word' id='word_1_191' title='bbox 274 3311 413 3367; x_wconf 86' lang='lat' dir='ltr'><strong>Precatio.</strong></span> <span class='ocrx_word' id='word_1_192' title='bbox 451 3312 495 3364; x_wconf 82' lang='lat' dir='ltr'><strong>Ad</strong></span> <span class='ocrx_word' id='word_1_193' title='bbox 513 3307 737 3365; x_wconf 82' lang='lat' dir='ltr'><strong>ineffabilitatem</strong></span> <span class='ocrx_word' id='word_1_194' title='bbox 756 3309 806 3364; x_wconf 83' lang='lat' dir='ltr'><strong>oei</strong></span> <span class='ocrx_word' id='word_1_195' title='bbox 865 3350 871 3362; x_wconf 88' lang='lat'><strong><em>.</em></strong></span> <span class='ocrx_word' id='word_1_196' title='bbox 925 3351 931 3363; x_wconf 83' lang='grc'><strong>.</strong></span> <span class='ocrx_word' id='word_1_197' title='bbox 986 3350 992 3363; x_wconf 93' lang='grc'><strong>.</strong></span> <span class='ocrx_word' id='word_1_198' title='bbox 1047 3352 1053 3364; x_wconf 91' lang='grc'><strong>.</strong></span> <span class='ocrx_word' id='word_1_199' title='bbox 1106 3312 1159 3369; x_wconf 88' lang='grc'><strong>211</strong></span> 
     </span>
     <span class='ocr_line' id='line_1_31' title="bbox 273 3397 1158 3455; baseline 0.002 -2"><span class='ocrx_word' id='word_1_200' title='bbox 273 3401 313 3453; x_wconf 86' lang='lat' dir='ltr'><strong>De</strong></span> <span class='ocrx_word' id='word_1_201' title='bbox 332 3399 541 3454; x_wconf 86' lang='lat' dir='ltr'><strong>immortalitate</strong></span> <span class='ocrx_word' id='word_1_202' title='bbox 560 3397 608 3451; x_wconf 86' lang='lat' dir='ltr'><strong>Dei</strong></span> <span class='ocrx_word' id='word_1_203' title='bbox 1106 3400 1158 3455; x_wconf 88' lang='grc'><strong>216</strong></span> 
     </span>
     <span class='ocr_line' id='line_1_32' title="bbox 274 3485 1160 3545; baseline -0.006 -4"><span class='ocrx_word' id='word_1_204' title='bbox 274 3485 432 3543; x_wconf 53' lang='lat' dir='ltr'><strong>Precatio«</strong></span> <span class='ocrx_word' id='word_1_205' title='bbox 449 3488 493 3541; x_wconf 83' lang='lat' dir='ltr'><strong>Ad</strong></span> <span class='ocrx_word' id='word_1_206' title='bbox 514 3485 752 3540; x_wconf 88' lang='lat' dir='ltr'><strong>immortalitatem</strong></span> <span class='ocrx_word' id='word_1_207' title='bbox 772 3486 821 3539; x_wconf 86' lang='lat' dir='ltr'><strong>llei</strong></span> <span class='ocrx_word' id='word_1_208' title='bbox 864 3528 869 3539; x_wconf 96' lang='lat'>.</span> <span class='ocrx_word' id='word_1_209' title='bbox 925 3526 930 3535; x_wconf 94' lang='lat'>.</span> <span class='ocrx_word' id='word_1_210' title='bbox 986 3528 991 3539; x_wconf 93' lang='lat'>.</span> <span class='ocrx_word' id='word_1_211' title='bbox 1048 3530 1052 3536; x_wconf 94' lang='lat'>.</span> <span class='ocrx_word' id='word_1_212' title='bbox 1108 3489 1160 3545; x_wconf 75' lang='grc'><strong>048</strong></span> 
     </span>
    </p>
   </div>
   <div class='ocr_carea' id='block_1_7' title="bbox 0 0 1422 4317">
    <p class='ocr_par' dir='ltr' id='par_1_7' title="bbox 0 0 1422 4317">
     <span class='ocr_line' id='line_1_33' title="bbox 0 0 1422 4317; baseline 0 0"><span class='ocrx_word' id='word_1_213' title='bbox 0 0 1422 4317; x_wconf 95' lang='lat' dir='ltr'><strong> </strong></span> 
     </span>
    </p>
   </div>
  </div>
 </body>
</html>
