2817 4317
276 562 341 629 268

278 758 399 821 torum:
423 754 525 819 omnis
547 755 629 818 enim
653 757 809 822 sanctitas
827 758 867 820 ab
890 754 967 839 ipso
992 762 1055 838 ast,
1080 764 1151 822 tam

276 879 369 944 quam
400 864 441 926 ab
464 859 586 925 infinito
616 861 708 926 fonte
730 860 880 945 puritatis
904 868 938 924 et
961 862 1154 928 sanctitatis.

313 966 342 1030 2.
365 964 488 1029 Dicitur
509 968 651 1046 sanctus,
683 971 718 1028 ut
752 964 913 1048 objectum
947 973 985 1031 et
1005 986 1154 1033 mensura

272 1070 375 1134 omnis
408 1070 598 1134 sanctitatis.
644 1066 723 1134 Gom
755 1071 836 1135 anim
866 1069 940 1152 ipse
964 1070 1019 1134 sit·
1034 1070 1152 1136 infinita

270 1174 410 1256 puritas,
442 1178 475 1237 et
497 1171 619 1235 infinito
650 1173 824 1256 spiritalis,
856 1192 920 1256 qno
952 1176 1030 1258 quis
1055 1178 1154 1261 magis

269 1277 311 1341 ad
332 1278 420 1342 ilium
443 1275 571 1343 accedit
597 1296 658 1360 per
689 1277 904 1360 cognitionem
933 1288 970 1344 et
1001 1294 1151 1362 amorem,

270 1399 310 1446 eo
323 1383 465 1448 sanctior
480 1387 538 1445 ast
561 1380 668 1465 Ipsum
684 1381 768 1446 enim
784 1399 990 1463 cognoscere
1017 1394 1055 1450 et
1071 1405 1152 1450 ama·

268 1506 306 1551 ra
338 1488 433 1569 eique
464 1503 574 1565 amore
606 1486 844 1553 sincerissimo.
862 1486 1042 1557 inhaerere
1080 1509 1151 1554 vera

271 1596 304 1653 ot
326 1578 470 1655 formalis
494 1588 649 1654 sanctitas
672 1596 732 1669 ast,
756 1609 818 1672 qua
834 1592 1049 1659 omnisciens
1065 1613 1152 1661 crea·

268 1702 300 1759 ta
321 1692 499 1758 formaliter
521 1690 752 1774 sanctificatur,
775 1702 808 1759 et
831 1702 944 1759 sancta
968 1696 1105 1780 tiicitnr.

312 1796 341 1862 3.
360 1797 482 1864 Dicitur
504 1801 642 1881 sauctus,
658 1816 728 1863 >non
751 1791 855 1863 solnm
878 1797 1064 1883 objectiva,
1097 1800 1150 1867 set

271 1903 367 1968 etiam
389 1902 575 1969 formaliter.
620 1901 700 1974 Oum
730 1904 816 1968 enim
837 1914 981 1970 ‘verast
1004 1891 1149 1994 formatis

268 2007 423 2073 sanctitas
445 1997 623 2074 'consistat
658 2005 692 2071 in
740 2009 924 2091 cognitione
946 2018 997 2075 et
1043 2029 1149 2076 amoro

269 2112 398 2196 ipsius,
426 2119 460 2177 et
484 2114 557 2196 ipso
580 2134 617 2183 se
640 2114 746 2197 ipsum
767 2114 891 2185 infinite
914 2124 1102 2200 cognoscat
1122 2123 1150 2180 et

269 2216 355 2282 amet
376 2224 409 2281 et
429 2218 569 2300 fruatur,
599 2219 802 2284 manifestum
826 2218 1007 2302 est-ipsins
1034 2219 1149 2298 sancti·

269 2327 367 2385 tatem
390 2314 465 2387 esse
486 2320 659 2405 infinitam,
689 2329 723 2387 ot
744 2302 818 2407 ipse
840 2321 963 2386 infinite
983 2321 1148 2403 sanctum

268 2426 332 2490 imo
364 2426 467 2509 ipsum
501 2445 576 2491 osse
607 2426 712 2509 ipsam
742 2428 945 2493 sanctitatem
975 2426 1148 2514 infinitam3

267 2535 340 2594 'oum
362 2527 434 2613 ipse
447 2530 500 2594 'sit
520 2531 675 2614 cognitio,
697 2550 807 2611 amor,
840 2538 874 2596 ot
894 2523 1010 2617 fruitio
1032 2532 1085 2598 sui
1102 2532 1149 2595 'in-

267 2632 366 2697 finita.
627 2693 629 2698 .
810 2626 813 2632 ¹
1009 2623 1013 2630 ¹
1073 2660 1076 2664 ·

276 2766 279 2770 ·
298 2737 338 2802 ’4.
361 2736 484 2812 Dicitur
506 2744 651 2820 sauctus,
675 2738 759 2821 quia
782 2737 958 2820 quidquam
981 2738 1028 2803 ad
1052 2737 1147 2806 'ratio-

268 2861 339 2906 nem
365 2844 546 2909 sanctitatis
573 2843 730 2926 pertinet,
756 2843 838 2925 -ipse
860 2863 880 2906 a
903 2841 1023 2924 seipso·
1042 2844 1147 2923 habet,

266 2944 364 3028 idque
385 2959 456 3011 oum
478 2946 601 3013 infinita
624 2946 843 3032 perfectione3
877 2965 948 3012 cum
972 2947 1060 3013 enim
1086 2948 1147 3013 dno

267 3047 403 3114 adeam
433 3050 653 3132 requirantur,
688 3067 779 3114 amor
806 3055 839 3112 et
868 3039 1057 3133 objectum,
1093 3072 1148 3117 san

264 3153 389 3235 puritas
423 3152 562 3237 objecti,
598 3154 686 3220 Deus
724 3151 946 3238 utrumque-ga
980 3173 1020 3221 sc
1043 3157 1148 3224 habat.

263 3254 340 3339 Ipsa
361 3258 444 3323 enim
468 3266 518 3323 e‘st
539 3259 786 3325 amorinfinitns
802 3258 863 3341 sui,
886 3264 919 3323 et
933 3259 1009 3342 ipse
1024 3264 1148 3350 estob-

257 3358 381 3443 jactnm
402 3362 544 3428 infinitae
558 3365 770 3447 puritatis‚.in
786 3364 881 3448 qu'us
900 3379 1016 3454 amora
1040 3368 1149 3434 consi·

263 3465 319 3529 stit
336 3466 482 3532 formatis
504 3468 666 3535 sanctitas.
710 3468 827 3552 ltaque
849 3466 932 3552 ipse⁸
947 3476 1009 3534 ast·
1023 3469 1148 3564 infinita
