2817 4317
333 560 395 632 112

339 774 343 786 ³
371 755 465 823 Hisce
486 757 575 824 dictio
597 760 702 823 eaesis
726 757 934 847 eependeodio
948 756 1130 825 subserviat
1149 776 1215 825 eoe-

301 862 476 938 ¹m‘deratio
508 861 551 926 de
583 861 654 939 Deo
682 861 896 945 redemptore.
950 862 1031 929 Item
1063 861 1114 927 de
1149 860 1214 949 jue·

330 965 401 1031 titie
423 965 493 1031 Dei.

622 1121 878 1243 consmnmmo
896 1169 916 1230 1.
989 1209 991 1211 ψ

430 1322 479 1398 [De
509 1325 578 1404 Deo,
600 1329 701 1391 otest
723 1325 847 1390 ultimus
868 1323 941 1405 finis
961 1326 1116 1390 omnium.

276 1557 278 1561 ,
341 1567 342 1576 ¹
373 1487 412 1553 ld
439 1489 525 1573 qnod
548 1496 600 1555 est
621 1485 757 1573 primum
780 1509 885 1553 rernm
913 1487 1131 1571 principium,
1164 1509 1211 1563 ne·

316 1580 478 1659 'cessario
502 1595 598 1659 etiem
613 1602 672 1659 est
692 1595 763 1659 finis
786 1594 932 1659 omnium.
976 1593 1059 1658 Nem
1075 1594 1210 1677 primun

336 1698 548 1782 prinoipium‚
578 1700 610 1762 in
633 1699 805 1765 efficiendo
829 1707 863 1764 et
883 1698 1102 1783 producendo
1126 1715 1210 1765 exto

331 1820 379 1883 ee,
402 1820 464 1867 non
477 1810 586 1887 potest
600 1804 711 1870 ultimo
733 1805 903 1869 intendere
922 1804 1056 1869 alterins
1080 1806 1207 1883 bonnm,

331 1925 426 1989 qnam
450 1927 550 1972 suum.
583 1906 610 1973 1.
635 1908 729 1973 Ratio
753 1917 821 1991 est,
842 1907 917 1993 qnia
949 1915 1083 1974 caetera
1112 1909 1209 1974 omnia

322 2019 408 2077 <eunt
430 2010 552 2077 infinito
575 2012 749 2077 intervallo
771 2013 853 2077 infra
867 2014 972 2096 ipsum
995 2011 1121 2094 posite
1154 2010 1210 2080 Uo·

331 2116 373 2180 de
395 2116 521 2181 illorum
550 2120 666 2181 bonum
693 2136 755 2182 non
787 2124 837 2181 est
867 2098 945 2181 tenti
980 2117 1155 2197 momenti,
1184 2123 1210 2182 nt

330 2221 437 2305 possit
456 2221 487 2283 io
510 2220 567 2285 ilto
589 2212 700 2285 'ultimo
716 2221 966 2303 nonquiesoere:
990 2220 1054 2285 imo
1071 2229 1130 2288 eet
1151 2224 1210 2289 ioe-

331 2333 383 2388 ter
404 2325 494 2389 nihili
517 2344 626 2399 eoram
648 2323 725 2402 illo,
752 2343 825 2389 oum
848 2346 901 2389 ree
924 2343 1037 2390 omnes
1059 2326 1133 2392 sint
1153 2325 1210 2392 ine·

332 2435 384 2491 tar
413 2428 504 2491 nihili
533 2426 574 2492 ad
604 2428 711 2511 ipsum
741 2428 888 2494 oollatoe.
933 2429 1039 2495 Debet
1061 2449 1151 2516 ergo
1172 2434 1211 2500 in·

271 2538 273 2542 ’
336 2531 470 2596 tendere
492 2532 605 2600 ultimo
630 2535 748 2597 bonnm
764 2552 866 2614 snum,
889 2547 1006 2618 nempe
1021 2554 1126 2603 enam
1148 2536 1210 2622 glo·

332 2636 428 2702 riam:
451 2636 527 2719 qnia
549 2636 667 2702 nullum
688 2645 798 2721 potest
820 2638 948 2721 oonoipi
970 2641 1092 2705 bonnm
1115 2639 1211 2728 majo·

331 2741 380 2806 ris
403 2742 565 2823 momenti,
584 2741 677 2826 qnod¹
693 2743 800 2826 possit
822 2744 862 2806 nb
878 2762 919 2807 eo
935 2742 1056 2807 intendi
1079 2747 1140 2812 vel
1161 2766 1211 2830 ep·

330 2844 406 2929 peti.
450 2844 533 2910 Nam
555 2847 658 2911 omnis
681 2847 788 2929 glorio
809 2846 878 2929 Dei,
901 2854 1058 2929 quatenns
1084 2858 1141 2917 est
1160 2854 1211 2918 bo·

332 2968 405 3013 num
429 2948 508 3030 Dei,
527 2949 650 3014 infinite
674 2949 776 3032 pluris
796 2949 997 3014 aestimanda
1013 2958 1090 3034 est,
1126 2974 1211 3039 quan

332 3073 425 3120 omne
454 3051 570 3120 bonnm
603 3061 788 3135 creaturae,
823 3060 981 3138 quotenne
1015 3062 1066 3120 est
1100 3044 1211 3128 bonnm

329 3164 509 3224 menturae.
1087 3209 1096 3214 .

374 3263 478 3327 Porro
503 3262 622 3346 duplex
641 3269 691 3327 eet
712 3262 803 3345 finis;
836 3281 951 3345 nempe
971 3261 1045 3343 finio
1058 3271 1168 3350 ·'pni‚
1191 3271 1213 3333 et

332 3366 404 3447 pois
418 3398 435 3414 ·
450 3369 509 3433 oui.
543 3367 628 3433 Finis
643 3400 658 3415 -
674 3370 727 3451 qui
749 3368 866 3433 dieitur
879 3371 998 3432 bonnm
1012 3355 1112 3453 illoti,
1134 3369 1212 3457 qnod

333 3469 514 3554 oppetitur,
543 3468 642 3534 etad
673 3469 761 3551 qnod
793 3468 999 3536 obtinendum
1038 3469 1213 3542 laboratur.
