2817 4317
223 362 225 366 ’
318 389 382 454 226

324 583 453 648 duobus
475 580 586 663 primis
605 579 798 661 hominibus,
821 579 1015 663 reliquoque
1034 595 1198 668 apparatu,

320 696 397 773 post
416 686 540 750 infinita
563 685 705 765 saecula,
729 684 760 748 iu
784 688 1057 768 certotemporis
1080 699 1200 771 puncto,

320 801 352 855 et
375 811 434 855 sex
458 790 580 853 dierum
605 790 809 871 sequentium
827 789 1014 872 intervallo,
1040 795 1128 857 etin
1151 794 1200 857 de·

283 888 285 894 ’
318 896 407 960 linito
430 894 654 960 immensitatis
677 893 786 977 spatio
808 913 934 976 creare,
955 896 1117 978 formare,
1142 898 1200 961 dis·

314 1020 452 1085 ponere,
482 999 660 1083 perlicere3
709 998 846 1062 omnium
884 1018 994 1062 rernm
1032 1004 1200 1081 mensuris,

318 1106 443 1184 formis,
475 1104 616 1184 viribuS,
650 1104 800 1185 partibus
823 1104 1071 1169 distinctissime
1095 1115 1130 1170 et
1152 1109 1202 1171 iur-

316 1208 510 1270 mutabiliter
532 1216 636 1271 mente
666 1209 852 1290 conceptis,
876 1208 1065 1291 descriptiS,
1088 1231 1130 1276 ac
1153 1213 1203 1276 de·

318 1309 426 1375 finitis
959 1396 961 1402 7

366 1415 393 1477 2.
417 1414 498 1491 Quia
528 1435 568 1477 ex
592 1415 624 1477 vi
646 1415 730 1479 illios
752 1418 876 1481 aeterni
899 1416 1035 1497 decreti,
1061 1429 1142 1501 post
1162 1421 1204 1484 in·

321 1520 408 1595 linita
423 1521 562 1599 saecula,
589 1522 617 1583 in
637 1528 758 1603 puncto
773 1522 941 1606 temporis,
960 1532 995 1586 et
1013 1524 1127 1606 spatio
1152 1524 1205 1589 de·

320 1624 418 1702 linito,
443 1624 591 1689 mnndum
617 1645 657 1689 ex
680 1626 788 1704 nihilo,
810 1624 934 1690 infinite
955 1627 1039 1690 infra
1062 1649 1112 1705 se,
1135 1630 1204 1693 solo
1249 1630 1250 1703 l

319 1729 419 1791 verbo
438 1729 662 1810 potentissime
685 1729 851 1809 condidit,
884 1738 917 1793 et
940 1731 1120 1811 conditum,
1154 1753 1206 1799 eo·

261 1900 265 1904 ,
320 1832 391 1896 dem
420 1832 540 1897 influxu
572 1831 759 1896 mirabiliter
782 1832 982 1911 continuato,
1018 1833 1051 1896 in
1090 1838 1206 1901 eodem

320 1936 428 2019 spatio
462 1936 665 2003 immobiliter
697 1942 889 2015 conservat,
931 1944 963 2000 et
999 1938 1154 2003 continet
1178 1942 1207 2003 iu

320 2061 378 2104 sua
410 2049 524 2103 natura
554 2058 593 2103 ac
624 2047 711 2104 statu
743 2040 773 2101 in
805 2058 930 2106 omnem
955 2042 1207 2107 aeternitatem:

320 2143 413 2228 cujus
443 2142 581 2207 influxus
603 2145 634 2206 in
658 2163 722 2207 res·
742 2162 856 2220 omnes
886 2143 969 2208 adeo
1001 2152 1126 2226 potens
1152 2157 1207 2223 est,

241 2259 245 2266 '
319 2254 355 2309 ut
377 2246 453 2309 nibil
476 2248 582 2330 possit
605 2247 731 2328 perire,
753 2246 815 2309 nisi
838 2247 910 2329 ipse
933 2266 1022 2310 suurn
1048 2248 1208 2315 influxum

269 2345 272 2349 ⁴
319 2350 534 2430 subtraxerit3
568 2350 654 2431 quod
677 2368 837 2430 nunquam
873 2348 967 2428 facit,
999 2351 1061 2414 nisi
1093 2356 1207 2438 aliqua

319 2454 383 2517 alia
407 2471 506 2516 causa
529 2453 559 2515 id
586 2452 816 2535 postulaverit:
840 2460 874 2517 ut
896 2472 965 2519 curn
983 2456 1113 2541 ratione
1129 2480 1208 2544 pec·

320 2557 384 2623 uati
411 2558 570 2621 subtrabit
592 2556 762 2636 influxum,
796 2575 860 2639 quo
892 2562 1114 2625 conservabat
1151 2565 1207 2630 do·

319 2681 391 2724 num
424 2662 548 2743 gratiae
579 2660 773 2743 habitualis3
818 2663 873 2727 vel
904 2662 948 2725 ad
982 2668 1207 2745 praesentiam

280 2806 284 2816 ·
319 2766 472 2829 contrarii
504 2764 557 2848 (ut
579 2767 643 2831 boo
662 2766 693 2828 in
717 2772 801 2829 statu
830 2767 973 2830 mutabili
996 2788 1075 2833 esse
1098 2775 1207 2854 possit

319 2870 403 2933 actio
428 2878 460 2932 et
483 2868 616 2953 passio)
647 2869 808 2934 subtrahit
839 2870 990 2935 inlluxum
1022 2892 1088 2953 quo
1126 2895 1207 2960 cou-

319 2976 512 3037 servabatur
549 2973 767 3055 contrarium3
805 2974 858 3037 vel
898 2976 1111 3057 pereuntibus
1148 3002 1208 3064 per

318 3086 459 3143 mutuam
493 3080 653 3145 actionem
688 3079 958 3162 dispositionibus
994 3087 1209 3166 necessariis,

319 3183 477 3246 subtrabit
513 3181 665 3246 influxum
695 3202 759 3265 quo
800 3186 1057 3250 conservabatur
1096 3191 1208 3255 anima

318 3288 457 3370 plantae,
483 3288 534 3351 vel
557 3285 714 3368 animalis,
736 3294 797 3354 etc.
