<?xml version="1.0" encoding="UTF-8"?>
<!DOCTYPE html PUBLIC "-//W3C//DTD XHTML 1.0 Transitional//EN"
    "http://www.w3.org/TR/xhtml1/DTD/xhtml1-transitional.dtd">
<html xmlns="http://www.w3.org/1999/xhtml" xml:lang="en" lang="en">
 <head>
  <title>
</title>
<meta http-equiv="Content-Type" content="text/html;charset=utf-8" />
  <meta name='ocr-system' content='tesseract 3.04.00' />
  <meta name='ocr-capabilities' content='ocr_page ocr_carea ocr_par ocr_line ocrx_word'/>
</head>
<body>
  <div class='ocr_page' id='page_1' title='image "./leonardilessiio00lessgoog_0161.png"; bbox 0 0 2817 4317; ppageno 0'>
   <div class='ocr_carea' id='block_1_1' title="bbox 315 501 399 583">
    <p class='ocr_par' dir='ltr' id='par_1_1' title="bbox 315 501 399 583">
     <span class='ocr_line' id='line_1_1' title="bbox 315 501 399 583; baseline 0 0"><span class='ocrx_word' id='word_1_1' title='bbox 315 501 399 583; x_wconf 81' lang='lat'>160&#39;</span> 
     </span>
    </p>
   </div>
   <div class='ocr_carea' id='block_1_2' title="bbox 313 669 1201 896">
    <p class='ocr_par' dir='ltr' id='par_1_2' title="bbox 313 669 1201 896">
     <span class='ocr_line' id='line_1_2' title="bbox 357 669 1201 793; baseline 0.002 -21"><span class='ocrx_word' id='word_1_2' title='bbox 357 704 451 772; x_wconf 88' lang='lat' dir='ltr'><strong>Unde</strong></span> <span class='ocrx_word' id='word_1_3' title='bbox 474 703 558 770; x_wconf 90' lang='lat' dir='ltr'><strong>enim</strong></span> <span class='ocrx_word' id='word_1_4' title='bbox 582 701 645 770; x_wconf 88' lang='lat' dir='ltr'><strong>nisi</strong></span> <span class='ocrx_word' id='word_1_5' title='bbox 664 704 705 767; x_wconf 89' lang='lat' dir='ltr'><strong>ab</strong></span> <span class='ocrx_word' id='word_1_6' title='bbox 728 669 962 789; x_wconf 76' lang='lat' dir='ltr'><strong>omnipotentia</strong></span> <span class='ocrx_word' id='word_1_7' title='bbox 981 704 1017 772; x_wconf 82' lang='lat' dir='ltr'><strong>et</strong></span> <span class='ocrx_word' id='word_1_8' title='bbox 1042 707 1201 793; x_wconf 76' lang='lat' dir='ltr'><strong>sapientia</strong></span> 
     </span>
     <span class='ocr_line' id='line_1_3' title="bbox 313 809 1201 896; baseline 0.005 -21"><span class='ocrx_word' id='word_1_9' title='bbox 313 819 370 875; x_wconf 89' lang='lat' dir='ltr'><strong>tua</strong></span> <span class='ocrx_word' id='word_1_10' title='bbox 395 809 622 893; x_wconf 81' lang='lat' dir='ltr'><strong>rapidissimae</strong></span> <span class='ocrx_word' id='word_1_11' title='bbox 654 809 821 875; x_wconf 78' lang='lat' dir='ltr'><strong>coelorum</strong></span> <span class='ocrx_word' id='word_1_12' title='bbox 843 812 1057 896; x_wconf 70' lang='lat' dir='ltr'><strong>vertigines?</strong></span> <span class='ocrx_word' id='word_1_13' title='bbox 1116 814 1201 884; x_wconf 88' lang='lat' dir='ltr'><strong>Unde</strong></span> 
     </span>
    </p>
   </div>
   <div class='ocr_carea' id='block_1_3' title="bbox 287 911 1209 2968">
    <p class='ocr_par' dir='ltr' id='par_1_3' title="bbox 287 911 1209 2968">
     <span class='ocr_line' id='line_1_4' title="bbox 312 911 1202 999; baseline 0.006 -23"><span class='ocrx_word' id='word_1_14' title='bbox 312 913 499 996; x_wconf 81' lang='lat' dir='ltr'><strong>gratissima</strong></span> <span class='ocrx_word' id='word_1_15' title='bbox 516 911 573 976; x_wconf 90' lang='lat' dir='ltr'><strong>illa</strong></span> <span class='ocrx_word' id='word_1_16' title='bbox 593 918 732 977; x_wconf 91' lang='lat' dir='ltr'><strong>motuum</strong></span> <span class='ocrx_word' id='word_1_17' title='bbox 759 914 937 997; x_wconf 88' lang='lat' dir='ltr'><strong>harmonia,</strong></span> <span class='ocrx_word' id='word_1_18' title='bbox 959 935 1130 999; x_wconf 86' lang='lat' dir='ltr'><strong>nunquam</strong></span> <span class='ocrx_word' id='word_1_19' title='bbox 1160 918 1202 981; x_wconf 87' lang='lat' dir='ltr'><strong>in·</strong></span> 
     </span>
     <span class='ocr_line' id='line_1_5' title="bbox 311 1018 1200 1103; baseline 0.006 -22"><span class='ocrx_word' id='word_1_20' title='bbox 311 1018 440 1099; x_wconf 86' lang='lat' dir='ltr'><strong>teroisa,</strong></span> <span class='ocrx_word' id='word_1_21' title='bbox 464 1034 623 1098; x_wconf 85' lang='lat' dir='ltr'><strong>nunquam</strong></span> <span class='ocrx_word' id='word_1_22' title='bbox 647 1018 815 1095; x_wconf 76' lang='lat' dir='ltr'><strong>vaoillanS,</strong></span> <span class='ocrx_word' id='word_1_23' title='bbox 838 1019 952 1084; x_wconf 91' lang='lat' dir='ltr'><strong>eodem</strong></span> <span class='ocrx_word' id='word_1_24' title='bbox 975 1040 1116 1103; x_wconf 88' lang='lat' dir='ltr'><strong>semper</strong></span> <span class='ocrx_word' id='word_1_25' title='bbox 1139 1027 1200 1086; x_wconf 89' lang='lat' dir='ltr'><strong>ten·</strong></span> 
     </span>
     <span class='ocr_line' id='line_1_6' title="bbox 312 1109 1201 1204; baseline 0.006 -19"><span class='ocrx_word' id='word_1_26' title='bbox 312 1109 371 1185; x_wconf 88' lang='lat' dir='ltr'><strong>ore</strong></span> <span class='ocrx_word' id='word_1_27' title='bbox 400 1120 670 1186; x_wconf 72' lang='lat' dir='ltr'><strong>indeclinabiliter</strong></span> <span class='ocrx_word' id='word_1_28' title='bbox 711 1123 956 1204; x_wconf 69' lang='lat' dir='ltr'><strong>perseverans?</strong></span> <span class='ocrx_word' id='word_1_29' title='bbox 1003 1123 1122 1189; x_wconf 62' lang='lat' dir='ltr'><strong>Unde*</strong></span> <span class='ocrx_word' id='word_1_30' title='bbox 1139 1127 1201 1190; x_wconf 89' lang='lat' dir='ltr'><strong>ani·</strong></span> 
     </span>
     <span class='ocr_line' id='line_1_7' title="bbox 312 1225 1202 1309; baseline 0.001 -19"><span class='ocrx_word' id='word_1_31' title='bbox 312 1226 464 1290; x_wconf 83' lang='lat' dir='ltr'><strong>mentium</strong></span> <span class='ocrx_word' id='word_1_32' title='bbox 495 1231 695 1303; x_wconf 77' lang='lat' dir='ltr'><strong>structurae,</strong></span> <span class='ocrx_word' id='word_1_33' title='bbox 735 1232 767 1288; x_wconf 88' lang='lat' dir='ltr'><strong>et</strong></span> <span class='ocrx_word' id='word_1_34' title='bbox 800 1225 995 1309; x_wconf 88' lang='lat' dir='ltr'><strong>multiplioes</strong></span> <span class='ocrx_word' id='word_1_35' title='bbox 1030 1245 1074 1292; x_wconf 84' lang='lat' dir='ltr'><strong>ao</strong></span> <span class='ocrx_word' id='word_1_36' title='bbox 1112 1230 1202 1293; x_wconf 89' lang='lat' dir='ltr'><strong>mira·</strong></span> 
     </span>
     <span class='ocr_line' id='line_1_8' title="bbox 313 1328 1203 1397; baseline 0.001 -4"><span class='ocrx_word' id='word_1_37' title='bbox 313 1328 396 1394; x_wconf 91' lang='lat' dir='ltr'><strong>biles</strong></span> <span class='ocrx_word' id='word_1_38' title='bbox 436 1329 588 1393; x_wconf 65' lang='lat' dir='ltr'><strong>formae?</strong></span> <span class='ocrx_word' id='word_1_39' title='bbox 632 1328 725 1394; x_wconf 90' lang='lat' dir='ltr'><strong>Unde</strong></span> <span class='ocrx_word' id='word_1_40' title='bbox 765 1330 1026 1396; x_wconf 86' lang='lat' dir='ltr'><strong>innumerabiles¹</strong></span> <span class='ocrx_word' id='word_1_41' title='bbox 1051 1331 1136 1396; x_wconf 91' lang='lat' dir='ltr'><strong>illae</strong></span> <span class='ocrx_word' id='word_1_42' title='bbox 1174 1339 1203 1397; x_wconf 88' lang='lat' dir='ltr'><strong>et</strong></span> 
     </span>
     <span class='ocr_line' id='line_1_9' title="bbox 287 1416 1205 1514; baseline 0.004 -19"><span class='ocrx_word' id='word_1_43' title='bbox 287 1416 501 1514; x_wconf 53' lang='lat' dir='ltr'><strong>&#39;aptissimae</strong></span> <span class='ocrx_word' id='word_1_44' title='bbox 530 1432 670 1513; x_wconf 89' lang='lat' dir='ltr'><strong>partium</strong></span> <span class='ocrx_word' id='word_1_45' title='bbox 701 1441 765 1497; x_wconf 87' lang='lat' dir='ltr'><strong>tum</strong></span> <span class='ocrx_word' id='word_1_46' title='bbox 789 1434 873 1497; x_wconf 90' lang='lat' dir='ltr'><strong>inter</strong></span> <span class='ocrx_word' id='word_1_47' title='bbox 895 1453 948 1513; x_wconf 91' lang='lat' dir='ltr'><strong>se,</strong></span> <span class='ocrx_word' id='word_1_48' title='bbox 980 1439 1047 1497; x_wconf 87' lang='lat' dir='ltr'><strong>tum</strong></span> <span class='ocrx_word' id='word_1_49' title='bbox 1080 1434 1127 1499; x_wconf 88' lang='lat' dir='ltr'><strong>ad</strong></span> <span class='ocrx_word' id='word_1_50' title='bbox 1149 1441 1205 1499; x_wconf 84' lang='lat' dir='ltr'><strong>to·</strong></span> 
     </span>
     <span class='ocr_line' id='line_1_10' title="bbox 314 1536 1205 1625; baseline 0.006 -27"><span class='ocrx_word' id='word_1_51' title='bbox 314 1536 377 1599; x_wconf 88' lang='lat' dir='ltr'><strong>tius</strong></span> <span class='ocrx_word' id='word_1_52' title='bbox 401 1536 549 1618; x_wconf 86' lang='lat' dir='ltr'><strong>eorporis</strong></span> <span class='ocrx_word' id='word_1_53' title='bbox 573 1537 735 1625; x_wconf 87' lang='lat' dir='ltr'><strong>speeiem,</strong></span> <span class='ocrx_word' id='word_1_54' title='bbox 777 1536 1005 1620; x_wconf 80' lang='lat' dir='ltr'><strong>proportiones</strong></span> <span class='ocrx_word' id='word_1_55' title='bbox 1037 1543 1082 1601; x_wconf 87' lang='lat' dir='ltr'><strong>et·</strong></span> <span class='ocrx_word' id='word_1_56' title='bbox 1106 1557 1205 1622; x_wconf 75' lang='lat' dir='ltr'><strong>syru-</strong></span> 
     </span>
     <span class='ocr_line' id='line_1_11' title="bbox 314 1637 1207 1723; baseline 0.006 -22"><span class='ocrx_word' id='word_1_57' title='bbox 314 1638 476 1703; x_wconf 66' lang='lat' dir='ltr'><strong>metriae?</strong></span> <span class='ocrx_word' id='word_1_58' title='bbox 534 1637 625 1705; x_wconf 90' lang='lat' dir='ltr'><strong>Unde</strong></span> <span class='ocrx_word' id='word_1_59' title='bbox 664 1641 864 1723; x_wconf 84' lang='lat' dir='ltr'><strong>singularum</strong></span> <span class='ocrx_word' id='word_1_60' title='bbox 905 1639 1044 1721; x_wconf 88' lang='lat' dir='ltr'><strong>partium</strong></span> <span class='ocrx_word' id='word_1_61' title='bbox 1083 1641 1207 1707; x_wconf 85' lang='lat' dir='ltr'><strong>infinite</strong></span> 
     </span>
     <span class='ocr_line' id='line_1_12' title="bbox 314 1741 1207 1824; baseline 0 -17"><span class='ocrx_word' id='word_1_62' title='bbox 314 1741 481 1824; x_wconf 86' lang='lat' dir='ltr'><strong>multiplex</strong></span> <span class='ocrx_word' id='word_1_63' title='bbox 514 1743 639 1806; x_wconf 89' lang='lat' dir='ltr'><strong>interna</strong></span> <span class='ocrx_word' id='word_1_64' title='bbox 672 1742 863 1824; x_wconf 84' lang='lat' dir='ltr'><strong>temperies,</strong></span> <span class='ocrx_word' id='word_1_65' title='bbox 898 1748 931 1805; x_wconf 90' lang='lat' dir='ltr'><strong>et</strong></span> <span class='ocrx_word' id='word_1_66' title='bbox 962 1746 1104 1806; x_wconf 86' lang='lat' dir='ltr'><strong>externa</strong></span> <span class='ocrx_word' id='word_1_67' title='bbox 1130 1762 1207 1809; x_wconf 90' lang='lat' dir='ltr'><strong>oon·</strong></span> 
     </span>
     <span class='ocr_line' id='line_1_13' title="bbox 313 1845 1208 1929; baseline 0.003 -18"><span class='ocrx_word' id='word_1_68' title='bbox 313 1846 479 1927; x_wconf 86' lang='lat' dir='ltr'><strong>formatio,</strong></span> <span class='ocrx_word' id='word_1_69' title='bbox 516 1847 557 1910; x_wconf 91' lang='lat' dir='ltr'><strong>ad</strong></span> <span class='ocrx_word' id='word_1_70' title='bbox 580 1846 734 1929; x_wconf 87' lang='lat' dir='ltr'><strong>proprias</strong></span> <span class='ocrx_word' id='word_1_71' title='bbox 757 1845 874 1927; x_wconf 89' lang='lat' dir='ltr'><strong>onique</strong></span> <span class='ocrx_word' id='word_1_72' title='bbox 905 1845 1095 1910; x_wconf 84' lang='lat' dir='ltr'><strong>funotiones</strong></span> <span class='ocrx_word' id='word_1_73' title='bbox 1132 1866 1208 1921; x_wconf 88' lang='lat' dir='ltr'><strong>oon·</strong></span> 
     </span>
     <span class='ocr_line' id='line_1_14' title="bbox 313 1948 1209 2033; baseline 0.002 -19"><span class='ocrx_word' id='word_1_74' title='bbox 313 1949 569 2033; x_wconf 77' lang='lat' dir='ltr'><strong>gruentisslmal</strong></span> <span class='ocrx_word' id='word_1_75' title='bbox 623 1948 717 2014; x_wconf 91' lang='lat' dir='ltr'><strong>Unde</strong></span> <span class='ocrx_word' id='word_1_76' title='bbox 751 1949 907 2014; x_wconf 89' lang='lat' dir='ltr'><strong>seminum</strong></span> <span class='ocrx_word' id='word_1_77' title='bbox 941 1949 1115 2032; x_wconf 90' lang='lat' dir='ltr'><strong>stupenda·</strong></span> <span class='ocrx_word' id='word_1_78' title='bbox 1147 1953 1209 2033; x_wconf 88' lang='lat' dir='ltr'><strong>vis,</strong></span> 
     </span>
     <span class='ocr_line' id='line_1_15' title="bbox 314 2054 1209 2137; baseline 0.003 -19"><span class='ocrx_word' id='word_1_79' title='bbox 314 2074 378 2137; x_wconf 91' lang='lat' dir='ltr'><strong>qua</strong></span> <span class='ocrx_word' id='word_1_80' title='bbox 400 2054 538 2119; x_wconf 90' lang='lat' dir='ltr'><strong>omnium</strong></span> <span class='ocrx_word' id='word_1_81' title='bbox 560 2072 718 2136; x_wconf 78' lang='lat' dir='ltr'><strong>corpora,</strong></span> <span class='ocrx_word' id='word_1_82' title='bbox 751 2061 785 2117; x_wconf 89' lang='lat' dir='ltr'><strong>et</strong></span> <span class='ocrx_word' id='word_1_83' title='bbox 817 2056 1209 2136; x_wconf 78' lang='lat' dir='ltr'><strong>eorpornm.·partieulae</strong></span> 
     </span>
     <span class='ocr_line' id='line_1_16' title="bbox 313 2158 1208 2239; baseline 0.001 -16"><span class='ocrx_word' id='word_1_84' title='bbox 313 2179 435 2224; x_wconf 87' lang='lat' dir='ltr'><strong>summa</strong></span> <span class='ocrx_word' id='word_1_85' title='bbox 458 2166 528 2223; x_wconf 89' lang='lat' dir='ltr'><strong>arte</strong></span> <span class='ocrx_word' id='word_1_86' title='bbox 552 2158 776 2239; x_wconf 90' lang='lat' dir='ltr'><strong>disponuntur,</strong></span> <span class='ocrx_word' id='word_1_87' title='bbox 802 2158 992 2235; x_wconf 86' lang='lat' dir='ltr'><strong>formantur,</strong></span> <span class='ocrx_word' id='word_1_88' title='bbox 1016 2162 1050 2220; x_wconf 88' lang='lat' dir='ltr'><strong>et</strong></span> <span class='ocrx_word' id='word_1_89' title='bbox 1077 2176 1161 2224; x_wconf 88' lang='lat' dir='ltr'><strong>suos</strong></span> <span class='ocrx_word' id='word_1_90' title='bbox 1178 2159 1208 2224; x_wconf 90' lang='lat' dir='ltr'><strong>in</strong></span> 
     </span>
     <span class='ocr_line' id='line_1_17' title="bbox 312 2248 1209 2346; baseline 0.003 -21"><span class='ocrx_word' id='word_1_91' title='bbox 312 2262 396 2326; x_wconf 88' lang='lat' dir='ltr'><strong>lines</strong></span> <span class='ocrx_word' id='word_1_92' title='bbox 419 2260 598 2345; x_wconf 67' lang='lat' dir='ltr'><strong>aptantur?</strong></span> <span class='ocrx_word' id='word_1_93' title='bbox 641 2260 728 2325; x_wconf 89' lang='lat' dir='ltr'><strong>Nihil</strong></span> <span class='ocrx_word' id='word_1_94' title='bbox 751 2260 864 2325; x_wconf 90' lang='lat' dir='ltr'><strong>horum</strong></span> <span class='ocrx_word' id='word_1_95' title='bbox 887 2278 960 2322; x_wconf 89' lang='lat' dir='ltr'><strong>ase</strong></span> <span class='ocrx_word' id='word_1_96' title='bbox 987 2248 1065 2323; x_wconf 83' lang='lat' dir='ltr'><strong>esse</strong></span> <span class='ocrx_word' id='word_1_97' title='bbox 1083 2268 1209 2346; x_wconf 87' lang='lat' dir='ltr'><strong>potest,</strong></span> 
     </span>
     <span class='ocr_line' id='line_1_18' title="bbox 316 2365 1207 2449; baseline 0.004 -21"><span class='ocrx_word' id='word_1_98' title='bbox 316 2365 390 2446; x_wconf 85' lang='lat' dir='ltr'><strong>quia</strong></span> <span class='ocrx_word' id='word_1_99' title='bbox 412 2382 473 2428; x_wconf 90' lang='lat' dir='ltr'><strong>neo</strong></span> <span class='ocrx_word' id='word_1_100' title='bbox 496 2372 632 2447; x_wconf 90' lang='lat' dir='ltr'><strong>propter</strong></span> <span class='ocrx_word' id='word_1_101' title='bbox 653 2386 709 2431; x_wconf 87' lang='lat' dir='ltr'><strong>se:</strong></span> <span class='ocrx_word' id='word_1_102' title='bbox 739 2366 817 2430; x_wconf 86' lang='lat' dir='ltr'><strong>nihil</strong></span> <span class='ocrx_word' id='word_1_103' title='bbox 841 2365 903 2430; x_wconf 86' lang='lat' dir='ltr'><strong>sibi</strong></span> <span class='ocrx_word' id='word_1_104' title='bbox 927 2379 1002 2429; x_wconf 89' lang='lat' dir='ltr'><strong>esse</strong></span> <span class='ocrx_word' id='word_1_105' title='bbox 1026 2365 1124 2449; x_wconf 88' lang='lat' dir='ltr'><strong>linis,</strong></span> <span class='ocrx_word' id='word_1_106' title='bbox 1149 2388 1207 2432; x_wconf 93' lang='lat' dir='ltr'><strong>un·</strong></span> 
     </span>
     <span class='ocr_line' id='line_1_19' title="bbox 315 2460 1209 2553; baseline 0.006 -23"><span class='ocrx_word' id='word_1_107' title='bbox 315 2460 357 2531; x_wconf 84' lang='lat' dir='ltr'><strong>de</strong></span> <span class='ocrx_word' id='word_1_108' title='bbox 379 2488 441 2533; x_wconf 89' lang='lat' dir='ltr'><strong>neo</strong></span> <span class='ocrx_word' id='word_1_109' title='bbox 464 2469 662 2553; x_wconf 90' lang='lat' dir='ltr'><strong>prinoipium.</strong></span> <span class='ocrx_word' id='word_1_110' title='bbox 707 2468 778 2534; x_wconf 85' lang='lat' dir='ltr'><strong>Sed</strong></span> <span class='ocrx_word' id='word_1_111' title='bbox 800 2488 948 2551; x_wconf 89' lang='lat' dir='ltr'><strong>nequea</strong></span> <span class='ocrx_word' id='word_1_112' title='bbox 981 2469 1122 2535; x_wconf 82' lang='lat' dir='ltr'><strong>fortuna</strong></span> <span class='ocrx_word' id='word_1_113' title='bbox 1156 2472 1209 2535; x_wconf 90' lang='lat' dir='ltr'><strong>vel</strong></span> 
     </span>
     <span class='ocr_line' id='line_1_20' title="bbox 315 2571 1206 2662; baseline 0.003 -24"><span class='ocrx_word' id='word_1_114' title='bbox 315 2591 409 2653; x_wconf 85' lang='lat' dir='ltr'><strong>nasu,</strong></span> <span class='ocrx_word' id='word_1_115' title='bbox 436 2573 469 2636; x_wconf 93' lang='lat' dir='ltr'><strong>in</strong></span> <span class='ocrx_word' id='word_1_116' title='bbox 501 2574 616 2655; x_wconf 86' lang='lat' dir='ltr'><strong>quibus</strong></span> <span class='ocrx_word' id='word_1_117' title='bbox 640 2574 717 2638; x_wconf 88' lang='lat' dir='ltr'><strong>nihil</strong></span> <span class='ocrx_word' id='word_1_118' title='bbox 741 2581 844 2662; x_wconf 85' lang='lat' dir='ltr'><strong>ratum</strong></span> <span class='ocrx_word' id='word_1_119' title='bbox 877 2580 911 2639; x_wconf 91' lang='lat' dir='ltr'><strong>et</strong></span> <span class='ocrx_word' id='word_1_120' title='bbox 939 2571 1088 2656; x_wconf 86' lang='lat' dir='ltr'><strong>firmum,</strong></span> <span class='ocrx_word' id='word_1_121' title='bbox 1125 2577 1206 2641; x_wconf 91' lang='lat' dir='ltr'><strong>nihil</strong></span> 
     </span>
     <span class='ocr_line' id='line_1_21' title="bbox 314 2676 1207 2755; baseline 0.002 -13"><span class='ocrx_word' id='word_1_122' title='bbox 314 2676 505 2755; x_wconf 87' lang='lat' dir='ltr'><strong>ordinatum,</strong></span> <span class='ocrx_word' id='word_1_123' title='bbox 527 2684 559 2741; x_wconf 89' lang='lat' dir='ltr'><strong>et</strong></span> <span class='ocrx_word' id='word_1_124' title='bbox 579 2678 645 2742; x_wconf 89' lang='lat' dir='ltr'><strong>suis</strong></span> <span class='ocrx_word' id='word_1_125' title='bbox 669 2685 824 2743; x_wconf 85' lang='lat' dir='ltr'><strong>oonstans</strong></span> <span class='ocrx_word' id='word_1_126' title='bbox 848 2676 1024 2742; x_wconf 85' lang='lat' dir='ltr'><strong>mensuris:</strong></span> <span class='ocrx_word' id='word_1_127' title='bbox 1047 2679 1116 2744; x_wconf 87' lang='lat' dir='ltr'><strong>sed</strong></span> <span class='ocrx_word' id='word_1_128' title='bbox 1136 2699 1207 2746; x_wconf 91' lang='lat' dir='ltr'><strong>om·</strong></span> 
     </span>
     <span class='ocr_line' id='line_1_22' title="bbox 314 2780 1093 2865; baseline 0.003 -20"><span class='ocrx_word' id='word_1_129' title='bbox 314 2781 367 2845; x_wconf 90' lang='lat' dir='ltr'><strong>nia</strong></span> <span class='ocrx_word' id='word_1_130' title='bbox 388 2782 533 2863; x_wconf 88' lang='lat' dir='ltr'><strong>oonlusa,</strong></span> <span class='ocrx_word' id='word_1_131' title='bbox 555 2782 688 2862; x_wconf 88' lang='lat' dir='ltr'><strong>ineerta,</strong></span> <span class='ocrx_word' id='word_1_132' title='bbox 711 2782 809 2865; x_wconf 89' lang='lat' dir='ltr'><strong>plena</strong></span> <span class='ocrx_word' id='word_1_133' title='bbox 827 2780 1093 2847; x_wconf 86' lang='lat' dir='ltr'><strong>inordinationis.</strong></span> 
     </span>
     <span class='ocr_line' id='line_1_23' title="bbox 357 2884 1205 2968; baseline 0.005 -18"><span class='ocrx_word' id='word_1_134' title='bbox 357 2884 504 2951; x_wconf 85' lang='lat' dir='ltr'><strong>Neoesse</strong></span> <span class='ocrx_word' id='word_1_135' title='bbox 524 2893 575 2951; x_wconf 86' lang='lat' dir='ltr'><strong>est</strong></span> <span class='ocrx_word' id='word_1_136' title='bbox 593 2904 674 2968; x_wconf 86' lang='lat' dir='ltr'><strong>ergo</strong></span> <span class='ocrx_word' id='word_1_137' title='bbox 690 2886 775 2952; x_wconf 85' lang='lat' dir='ltr'><strong>haee</strong></span> <span class='ocrx_word' id='word_1_138' title='bbox 789 2887 895 2951; x_wconf 89' lang='lat' dir='ltr'><strong>omnia</strong></span> <span class='ocrx_word' id='word_1_139' title='bbox 910 2886 950 2948; x_wconf 91' lang='lat' dir='ltr'><strong>ab</strong></span> <span class='ocrx_word' id='word_1_140' title='bbox 965 2884 1082 2968; x_wconf 87' lang='lat' dir='ltr'><strong>aliqua</strong></span> <span class='ocrx_word' id='word_1_141' title='bbox 1097 2894 1205 2953; x_wconf 83' lang='lat' dir='ltr'><strong>mente</strong></span> 
     </span>
    </p>
   </div>
   <div class='ocr_carea' id='block_1_4' title="bbox 218 2987 1206 3074">
    <p class='ocr_par' dir='ltr' id='par_1_4' title="bbox 218 2987 1206 3074">
     <span class='ocr_line' id='line_1_24' title="bbox 218 2987 1206 3074; baseline 0.008 -25"><span class='ocrx_word' id='word_1_142' title='bbox 218 3059 221 3064; x_wconf 43' lang='grc'>,</span> <span class='ocrx_word' id='word_1_143' title='bbox 315 2987 508 3071; x_wconf 88' lang='lat' dir='ltr'><strong>proaedere,</strong></span> <span class='ocrx_word' id='word_1_144' title='bbox 544 3008 629 3071; x_wconf 88' lang='lat' dir='ltr'><strong>quae</strong></span> <span class='ocrx_word' id='word_1_145' title='bbox 652 2997 684 3054; x_wconf 88' lang='lat' dir='ltr'><strong>et</strong></span> <span class='ocrx_word' id='word_1_146' title='bbox 707 2991 869 3074; x_wconf 86' lang='lat' dir='ltr'><strong>sapientia</strong></span> <span class='ocrx_word' id='word_1_147' title='bbox 892 3007 952 3053; x_wconf 87' lang='lat' dir='ltr'><strong>sna</strong></span> <span class='ocrx_word' id='word_1_148' title='bbox 975 2994 1040 3053; x_wconf 85' lang='lat' dir='ltr'><strong>tam</strong></span> <span class='ocrx_word' id='word_1_149' title='bbox 1063 2994 1156 3058; x_wconf 88' lang='lat' dir='ltr'><strong>mira</strong></span> <span class='ocrx_word' id='word_1_150' title='bbox 1176 3000 1206 3059; x_wconf 88' lang='lat' dir='ltr'><strong>et</strong></span> 
     </span>
    </p>
   </div>
   <div class='ocr_carea' id='block_1_5' title="bbox 313 3091 1206 3492">
    <p class='ocr_par' dir='ltr' id='par_1_5' title="bbox 313 3091 1206 3492">
     <span class='ocr_line' id='line_1_25' title="bbox 313 3091 1202 3183; baseline 0.01 -29"><span class='ocrx_word' id='word_1_151' title='bbox 313 3091 435 3157; x_wconf 89' lang='lat' dir='ltr'><strong>infinita</strong></span> <span class='ocrx_word' id='word_1_152' title='bbox 462 3094 566 3178; x_wconf 88' lang='lat' dir='ltr'><strong>potuit</strong></span> <span class='ocrx_word' id='word_1_153' title='bbox 589 3094 798 3177; x_wconf 75' lang='lat' dir='ltr'><strong>excogitare,</strong></span> <span class='ocrx_word' id='word_1_154' title='bbox 821 3102 864 3159; x_wconf 90' lang='lat' dir='ltr'><strong>et</strong></span> <span class='ocrx_word' id='word_1_155' title='bbox 895 3095 1043 3176; x_wconf 86' lang='lat' dir='ltr'><strong>potentia</strong></span> <span class='ocrx_word' id='word_1_156' title='bbox 1065 3098 1202 3183; x_wconf 82' lang='lat' dir='ltr'><strong>exequi,</strong></span> 
     </span>
     <span class='ocr_line' id='line_1_26' title="bbox 314 3197 1205 3281; baseline 0.01 -21"><span class='ocrx_word' id='word_1_157' title='bbox 314 3205 347 3260; x_wconf 91' lang='lat' dir='ltr'><strong>et</strong></span> <span class='ocrx_word' id='word_1_158' title='bbox 379 3197 589 3279; x_wconf 90' lang='lat' dir='ltr'><strong>providentia</strong></span> <span class='ocrx_word' id='word_1_159' title='bbox 620 3200 815 3281; x_wconf 83' lang='lat' dir='ltr'><strong>gubernare.</strong></span> <span class='ocrx_word' id='word_1_160' title='bbox 872 3198 963 3261; x_wconf 86' lang='lat' dir='ltr'><strong>Hane</strong></span> <span class='ocrx_word' id='word_1_161' title='bbox 995 3208 1143 3267; x_wconf 91' lang='lat' dir='ltr'><strong>mentem</strong></span> <span class='ocrx_word' id='word_1_162' title='bbox 1176 3211 1205 3267; x_wconf 85' lang='lat' dir='ltr'><strong>te</strong></span> 
     </span>
     <span class='ocr_line' id='line_1_27' title="bbox 315 3300 1206 3373; baseline 0.006 -7"><span class='ocrx_word' id='word_1_163' title='bbox 315 3319 389 3366; x_wconf 86' lang='lat' dir='ltr'><strong>esse</strong></span> <span class='ocrx_word' id='word_1_164' title='bbox 412 3300 546 3366; x_wconf 88' lang='lat' dir='ltr'><strong>dioimus</strong></span> <span class='ocrx_word' id='word_1_165' title='bbox 569 3300 672 3365; x_wconf 89' lang='lat' dir='ltr'><strong>Deum</strong></span> <span class='ocrx_word' id='word_1_166' title='bbox 700 3320 740 3367; x_wconf 87' lang='lat' dir='ltr'><strong>ae</strong></span> <span class='ocrx_word' id='word_1_167' title='bbox 759 3301 927 3367; x_wconf 87' lang='lat' dir='ltr'><strong>Dominum</strong></span> <span class='ocrx_word' id='word_1_168' title='bbox 950 3307 1115 3370; x_wconf 88' lang='lat' dir='ltr'><strong>nostrum.</strong></span> <span class='ocrx_word' id='word_1_169' title='bbox 1161 3305 1206 3373; x_wconf 82' lang='lat' dir='ltr'><strong>&#39;l&#39;r</strong></span> 
     </span>
     <span class='ocr_line' id='line_1_28' title="bbox 315 3406 1203 3492; baseline 0.009 -23"><span class='ocrx_word' id='word_1_170' title='bbox 315 3424 395 3492; x_wconf 81' lang='lat' dir='ltr'><strong>ergo</strong></span> <span class='ocrx_word' id='word_1_171' title='bbox 419 3406 558 3471; x_wconf 89' lang='lat' dir='ltr'><strong>omnium</strong></span> <span class='ocrx_word' id='word_1_172' title='bbox 590 3407 703 3492; x_wconf 83' lang='lat' dir='ltr'><strong>origo,</strong></span> <span class='ocrx_word' id='word_1_173' title='bbox 735 3407 874 3472; x_wconf 89' lang='lat' dir='ltr'><strong>omnium</strong></span> <span class='ocrx_word' id='word_1_174' title='bbox 905 3423 1007 3471; x_wconf 87' lang='lat' dir='ltr'><strong>eausa</strong></span> <span class='ocrx_word' id='word_1_175' title='bbox 1040 3411 1203 3490; x_wconf 67' lang='lat' dir='ltr'><strong>effectrix,</strong></span> 
     </span>
    </p>
   </div>
   <div class='ocr_carea' id='block_1_6' title="bbox 0 0 1419 4317">
    <p class='ocr_par' dir='ltr' id='par_1_6' title="bbox 0 0 1419 4317">
     <span class='ocr_line' id='line_1_29' title="bbox 0 0 1419 4317; baseline 0 0"><span class='ocrx_word' id='word_1_176' title='bbox 0 0 1419 4317; x_wconf 95' lang='lat' dir='ltr'><strong> </strong></span> 
     </span>
    </p>
   </div>
  </div>
 </body>
</html>
