2817 4317
1102 528 1146 595 43

263 718 464 785 eubolusum.
509 718 596 783 Nihil
610 717 653 783 de
669 736 755 783 uuvu
769 723 873 782 restat
894 718 1148 803 deliberandum,

267 821 351 888 nibil
372 841 438 887 ιιοιι
463 821 649 905 plenissime
672 841 867 904 expensum,
887 823 992 888 omniu
1016 822 1149 889 definite

263 938 298 994 et
316 928 436 1006 deuisa,
465 947 548 1011 quae
566 927 621 991 vel
648 925 725 990 fient
740 946 886 1010 unquam,
917 929 1045 994 vernon
1062 928 1148 1003 fient.

263 1034 314 1099 lbi
334 1052 463 1118 quoque
478 1042 511 1097 et
526 1050 587 1096 uus
603 1031 759 1098 numerati
775 1028 813 1095 et'
822 1033 958 1115 appensi
973 1052 1092 1113 sumus,
1115 1039 1148 1097 et

261 1137 402 1201 liberuts
414 1142 487 1201 sunt
501 1135 606 1200 omniu
616 1144 849 1219 uperunostru.
871 1136 920 1200 lbi
932 1138 1024 1204 nubis
1039 1156 1147 1221 poena

262 1240 319 1306 uel
342 1240 447 1323 gloria
464 1247 598 1306 aeterua
614 1248 828 1323 praeparatu:
852 1240 896 1305 ibi
908 1241 961 1306 vel
975 1261 1146 1325 regnamus

262 1362 337 1409 eum
352 1344 680 1409 Suuutisumnibusin
695 1345 810 1427 gloria,
826 1347 879 1411 vel
889 1346 1088 1412 iniuceudiis
1099 1348 1148 1412 in·
1236 1396 1240 1406 .

263 1448 486 1517 furor-uruuum
501 1449 610 1534 impiis
619 1458 652 1514 et
665 1449 875 1516 daemonibus
886 1450 1047 1516 ardemus.
1075 1448 1146 1518 Au·

262 1554 399 1620 t'eruitss
412 1553 648 1637 praeseientiae
670 1560 703 1618 st
723 1554 1067 1623 deureturumtuurum
1089 1575 1147 1621 su·

264 1658 379 1741 tiuipst
406 1657 531 1724 omniu:
554 1665 588 1724 st
605 1657 762 1741 quidquid
789 1678 927 1743 unquam
948 1659 1147 1746 intempore

261 1763 406 1830 futurum
425 1770 485 1844 est,
507 1761 551 1827 ibi
569 1761 636 1847 jum
658 1763 779 1828 fautum
802 1769 861 1828 est.

434 1927 463 2018 J
581 1929 785 1987 sssuusmu
804 1930 846 1985 ιιι.

412 2120 414 2124 y
497 2042 578 2107 ,Ad
600 2041 747 2122 eundem,
767 2039 892 2107 ibidem.

309 2176 336 2243 0
358 2178 550 2245 aeternitas!
581 2180 723 2265 abyssus
743 2177 855 2263 gaudii
873 2174 1023 2259 sanetis,
1046 2179 1146 2265 abys-

263 2302 323 2352 sus
346 2281 548 2348 miserisrum
575 2291 610 2349 et
635 2282 782 2350 dolorum
804 2284 925 2368 impiis!
947 2283 1039 2349 Siout
1063 2282 1147 2349 euim

265 2404 361 2452 omne
384 2388 498 2452 bonum
520 2388 603 2454 suuis
626 2388 748 2453 infinite
772 2389 883 2453 melius
914 2396 948 2452 et
962 2388 1147 2472 optabilius,

267 2491 313 2555 its
335 2507 429 2558 omne
450 2492 568 2560 mulum
591 2492 693 2560 effluis
717 2491 838 2557 infinite
857 2490 951 2577 pejus
974 2500 1007 2557 et
1028 2492 1147 2557 moles·

268 2595 341 2662 tius.
386 2595 475 2673 Quae
505 2615 594 2660 mens
623 2597 874 2679 magnitudinem
907 2605 993 2661 tuum
1016 2615 1148 2680 sapere,

267 2700 354 2785 quod
373 2702 475 2765 robur
491 2700 586 2765 animi
603 2700 732 2783 pondus
748 2708 833 2764 tuum
849 2700 1009 2765 sustinere
1026 2700 1148 2781 questi

267 2804 315 2873 Τιι
333 2823 459 2870 omnem
479 2803 664 2887 superbiam
682 2799 837 2887 retundis,
857 2822 983 2870 omnem
999 2803 1149 2869 duritiem

265 2908 407 2991 frangis,
429 2926 553 2974 omnem
577 2909 810 2975 animositatem
842 2909 1008 2993 reprimis,
1037 2924 1148 2973 ornnes

266 3019 463 3097 peuuatores
486 3014 668 3095 perturbas,
689 3032 800 3078 omnes
824 3014 898 3097 pius
921 3014 952 3077 in
971 3012 1148 3083 afflictione

269 3134 414 3198 terreus,
433 3126 464 3181 et
481 3115 633 3181 ineffabili
650 3117 770 3199 gaudio
786 3117 965 3201 perfundis.
1009 3116 1148 3181 Momen-

269 3225 398 3288 tanrum
422 3224 504 3288 euim
527 3228 556 3287 et
585 3221 650 3287 leue
678 3223 885 3288 tribulationis
912 3223 1021 3303 hujus,
1052 3234 1150 3299 supra

267 3325 394 3391 modum
418 3329 453 3391 iu
477 3326 663 3393 subtimitate
691 3332 851 3394 uetustum
880 3328 999 3410 plurius
1029 3322 1150 3405 pondus

269 3434 420 3510 operatur
446 3432 480 3495 tu
507 3430 603 3497 uubis.
650 3429 714 3495 Pru
742 3434 953 3496 momentaneo
985 3424 1068 3491 mulo
1097 3444 1148 3489 re·
