2817 4317
1039 584 1100 651 139

214 776 328 839 uttiina
358 795 418 841 sen
441 776 547 839 intima
579 777 788 859 participatio
810 777 1006 859 cognitionis
1029 761 1101 841 cer·

215 880 312 945 nitur.
366 878 455 943 Dens
487 882 570 944 enim
605 882 665 964 pet
696 900 787 945 snam
824 882 1039 961 cognitionem
1068 890 1101 945 et

215 983 414 1065 sapientiam
444 984 596 1047 formavit
625 1002 751 1048 omnem
775 987 839 1048 vim
868 985 1101 1067 cognoscendi,

216 1106 398 1167 omnesque
417 1086 490 1169 ejus
514 1086 636 1169 gradus
669 1088 700 1149 in
734 1092 832 1154 rebus
864 1090 1004 1170 creatis3
1036 1089 1100 1154 eis-

209 1177 297 1272 que,
328 1197 362 1253 nt
394 1211 493 1254 verae
526 1192 722 1274 cognitionis
760 1192 869 1274 aliquo
906 1193 1002 1257 modo
1036 1194 1102 1257 sint

215 1294 407 1378 participeS‚
438 1306 642 1377 cooperatur.
830 1369 832 1375 ¹

265 1399 295 1463 3.
319 1400 443 1463 Dicitur
464 1405 567 1482 primo
581 1405 704 1489 *certine
719 1406 749 1466 et
767 1404 921 1469 veracitas
944 1406 976 1467 tn
997 1403 1101 1467 dicen·

215 1504 272 1583 dc,
310 1522 367 1565 seu
402 1503 616 1567 testificando.
682 1507 801 1572 Veritas
829 1506 985 1587 ¹quidem,
1027 1508 1102 1588 qnia

214 1606 393 1687 sicutipse
427 1614 476 1669 est
509 1628 568 1671 sna
600 1610 763 1690 cognitio,
795 1605 872 1674 suun
904 1628 1010 1692 amor,
1043 1630 1102 1675 sua

215 1711 379 1789 charitas,
413 1711 457 1775 ita
491 1699 587 1774 etiam
620 1718 671 1774 est
703 1732 763 1775 sna
797 1716 921 1778 vetitas.
964 1712 1007 1777 Et
1029 1714 1103 1795 ipsa
1136 1716 1141 1723 “

215 1814 399 1893 veracitate,
431 1833 514 1895 qnae
551 1815 581 1878 in
617 1816 798 1880 hominibus
821 1824 865 1879 et.
885 1814 1024 1898 Angelis
1053 1824 1103 1887 est

213 1920 322 1983 virtus
338 1917 494 1983 inclinans
511 1919 709 1981 voluntatem
733 1927 768 1982 ut
796 1939 927 2002 semper
949 1920 1030 1983 velit
1053 1919 1102 1982 di-

214 2043 294 2088 cere
318 2043 448 2101 verum,
482 2029 514 2086 et
538 2023 722 2085 abhorreat
744 2025 785 2085 ab
808 2024 892 2087 omni
924 2020 1103 2101 mendacin,

212 2130 247 2192 in
276 2126 351 2195 ‚lieo
383 2136 433 2190 ent
465 2130 537 2208 ipsc
568 2127 712 2192 colonica
744 2128 793 2191 net
820 2131 955 2193 assentio
987 2128 1103 2209 divino,
1156 2150 1158 2155 ·
1235 2215 1237 2222 s

214 2239 377 2314 qnatenus
411 2238 526 2293 natura
560 2249 618 2294 sna
654 2232 695 2293 ad
729 2233 896 2299 veritatem
932 2228 1102 2313 dicendam

218 2336 341 2399 infinite
361 2334 508 2414 inclinat,
540 2344 572 2397 et
604 2334 727 2398 infinite
759 2338 800 2399 ab
822 2331 907 2400 omni
931 2335 1100 2399 mendacio

218 2440 383 2503 ab'norret.
409 2436 503 2503 Unde
520 2439 663 2521 implicat
679 2440 979 2520 contradictionem,
1001 2441 1102 2504 Deum

218 2561 321 2625 posse
346 2542 483 2621 mentiri,
508 2552 562 2605 ant
586 2544 707 2630 falsum
728 2545 849 2607 dicere.

263 2647 370 2711 Primo
393 2665 474 2711 vero
501 2654 533 2708 et
555 2664 677 2711 sommo
709 2652 842 2727 coritae,
866 2668 925 2711 sen
949 2634 1104 2713 veracitas

216 2749 352 2829 dicitur,
386 2750 461 2831 qnia
493 2750 599 2813 virtus
629 2752 819 2817 veracitatis
853 2752 885 2814 in
907 2748 1049 2840 Angelis
1070 2758 1104 2815 et

215 2854 399 2917 hominibus
423 2855 560 2935 abipso
584 2862 647 2933 est,
678 2863 840 2938 tamqnam
872 2857 978 2918 tennis
1002 2875 1103 2937 qnae-

217 2959 292 3021 dam
318 2958 526 3040 participatio
551 2958 693 3021 infinitae
718 2958 805 3022 illins
821 2960 975 3022 veritatis.
1011 2958 1104 3024 Unde

215 3062 325 3147 *ipsine
361 3063 525 3126 veracitas
561 3070 612 3125 est
642 3064 745 3145 prima
776 3074 810 3126 et
838 3083 959 3127 summa
989 3049 1104 3143 regula

218 3166 388 3247 credendi,
411 3168 442 3230 in
467 3188 559 3249 qnam
584 3168 694 3232 ultimo
719 3178 831 3246 nostra
855 3168 936 3231 fides
965 3166 1103 3230 resolvi·

216 3280 276 3334 tur.
320 3272 400 3334 ideo
430 3273 512 3335 enirn
537 3273 697 3335 credimus
720 3271 910 3350 Ecclesiae,
941 3272 1016 3352 qnia
1044 3289 1103 3352 gn-

218 3380 458 3457 bernatnr‚'et
481 3376 617 3441 docetur
650 3374 812 3458 aSpiritn
844 3383 969 3450 sancto,
1002 3394 1104 3437 sena

216 3482 306 3545 Deo:
329 3481 404 3545 ideo
429 3480 508 3545 vero
532 3478 693 3543 credimus
717 3478 903 3559 Deo,‘qnia
927 3485 977 3542 est
1000 3477 1102 3561 prima
