2817 4317
322 382 384 445 276

322 574 422 655 situs,
454 591 518 638 non
542 576 628 641 modi
651 571 1063 661 alicujus,·qualisaunqua
1085 574 1203 638 demun

225 688 228 692 ’
324 679 351 742 is
374 679 425 743 sit
469 678 609 744 Peraant
631 697 742 744 amnes
767 677 924 758 homines,
947 694 1065 741 omnes
1082 674 1205 761 Angeli,

325 789 410 845 totus
434 782 580 861 mundus,
603 783 709 847 omnia
731 780 899 845 redeant
891 801 921 843 ru
946 780 1109 863 nihilum3
1141 781 1205 863 ipse
1248 802 1249 842 t

324 884 434 947 nihil
426 905 457 947 m
481 904 518 948 se
541 886 681 966 amittet,
713 886 785 967 ipse
809 902 913 966 aeque
936 883 1058 966 planus
1082 847 1249 968 gaudio,

322 990 438 1070 plenus
472 990 669 1054 beatitudine
702 996 736 1054 et
768 990 915 1054 omnibus
950 988 1044 1052 bonis
1078 989 1207 1055 affluens

323 1093 393 1156 erit.
438 1091 551 1158 Omnia
585 1095 668 1158 enim
697 1094 753 1157 iila
783 1093 901 1158 retinet
924 1091 957 1154 in
982 1092 1059 1158 lane
1084 1096 1209 1178 sapien·

322 1198 399 1278 tiae,
422 1206 455 1260 et
478 1200 510 1262 in
534 1198 786 1282 omnipotentia
810 1196 936 1260 virtutis
959 1215 1061 1278 suae,
1095 1200 1128 1262 in
1151 1218 1207 1283 qua

323 1301 371 1363 ilii
394 1320 523 1383 semper
549 1304 654 1366 omnia
677 1309 751 1366 sant
783 1300 987 1385 praesentia,
1023 1320 1135 1392 eaque
1156 1304 1207 1368 im·

323 1405 520 1469 mutabiliter
542 1407 703 1490 possidet,
730 1408 774 1471 ita
797 1413 831 1469 ut
855 1405 1060 1469 nullomodo
1086 1407 1205 1490 possint

323 1510 386 1592 ipsi
410 1510 579 1590 excidam
602 1519 634 1574 et
653 1511 695 1579 ad
720 1511 878 1575 minimam
895 1516 1004 1573 nutum
1017 1509 1130 1593 ipsius
1146 1530 1206 1576 on·

325 1614 376 1675 nia
409 1634 534 1679 rursum
566 1615 597 1678 in
629 1616 698 1679 suis
733 1615 855 1679 naturis
887 1612 1050 1696 existent,
1086 1616 1205 1700 ipsique

324 1717 475 1784 servient.
520 1718 613 1784 Unde
645 1739 751 1783 rerum
782 1718 926 1783 >omnium
957 1718 1113 1785 interitus
1137 1720 1205 1785 nihii

323 1821 353 1883 ei
377 1820 485 1884 damni
508 1822 625 1886 afferre
647 1830 772 1906 potest:
794 1822 881 1914 quad
903 1822 1092 1888 insinuatur
1111 1826 1201 1891 Psat-

193 1993 195 1997 Α
321 1944 371 1991 mo
395 1926 451 1993 91:
499 1929 575 1994 Cnm
598 1930 696 1994 aaarti
716 1926 832 2008 suerint
847 1933 1027 2009 peccateres
1051 1930 1205 2012 annesae

319 2050 408 2109 narr,
440 2039 468 2097 et
500 2036 705 2113 apparuerint
738 2049 846 2097 amnes
874 2035 926 2116 qai
947 2039 1159 2112 operantur'
1146 2038 1202 2100 rni-

321 2139 485 2216 quitatem,
514 2143 548 2201 nt
569 2140 725 2202 intereant
736 2140 782 2244 ia
813 2138 971 2218 sarratam
1000 2140 1143 2219 taeenti,
1171 2146 1200 2205 trr

320 2246 423 2304 antara
453 2243 657 2305 attissimus
644 2260 677 2305 tn
710 2201 883 2322 aginanum,
919 2231 1203 2320 tentatoria

325 2342 427 2406 dieat:
473 2344 520 2407 Tu
544 2359 584 2407 ax
607 2344 735 2408 interitu
752 2345 889 2426 illarum,
910 2344 989 2407 nihil
1004 2344 1049 2409 da
1065 2352 1124 2452 tua
1144 2344 1204 2411 aei·

321 2446 460 2510 situdina
483 2455 515 2511 et
538 2448 642 2530 gloria
665 2450 804 2514 amittes·

365 2550 458 2615 Ratio
483 2552 785 2618 immutabilitatis
775 2554 879 2638 ipsius
902 2560 971 2631 est,
1007 2555 1086 2637 quia
1114 2555 1203 2641 quid·

322 2656 397 2737 quid
422 2677 459 2721 se
481 2659 578 2723 habet
599 2661 651 2724 vai
681 2661 803 2725 habere
836 2667 965 2746 potest,
998 2659 1103 2726 habat
1124 2658 1203 2729 'aaa

320 2780 380 2842 par
402 2780 492 2825 snam
517 2765 700 2827 essentiam.
746 2762 840 2829 Unde
870 2780 939 2826 aon.
958 2769 1074 2845 pateat
1096 2764 1131 2829 ei
1152 2782 1203 2829 aa·

319 2865 350 2926 vi
374 2864 493 2948 aliquid
517 2864 677 2931 accedere
702 2867 756 2932 vei
779 2867 962 2947 daeedere,
995 2866 1061 2931 nisi
1093 2887 1202 2934 esaan·

320 2968 363 3030 tia
394 2968 503 3051 atiquo
538 2970 635 3034 modo
665 2971 828 3050 varietur,
867 2989 951 3052 quae
983 2989 1129 3054 proram
1159 2980 1202 3038 aet

318 3072 537 3156 immutabilis,
569 3080 683 3159 utpote
710 3075 834 3140 infinita
854 3093 956 3159 supra
979 3092 1080 3147 omne
1104 3086 1201 3145 nutr-

319 3176 383 3241 bile
409 3177 547 3243 elevata.
