2817 4317
264 563 328 629 280

265 754 371 818 omnia
394 752 508 817 salutis
532 752 657 833 media,
686 769 878 835 omnemque
903 753 1069 837 gratiam,
1092 771 1146 837 qua

263 864 361 927 vitam
385 869 549 926 aeternam
573 861 720 925 obtinere
750 865 896 942 possent,
919 858 1051 923 meruit.

308 965 421 1048 ltaque
444 966 515 1048 ipse
538 972 590 1029 est
614 972 729 1031 auctor
752 964 855 1027 omnis
879 962 1007 1045 gloriae
1032 980 1145 1046 corpo·

263 1072 308 1136 ris
331 1079 364 1136 et
395 1072 535 1151 animae,
567 1091 631 1153 qua
663 1070 696 1133 in
724 1069 817 1134 coelo
850 1068 1032 1152 fulgebunt.
1079 1069 1146 1153 lpse

262 1176 346 1240 inter
368 1172 508 1240 Sanctos
531 1174 593 1239 erit
615 1173 698 1238 sicut
724 1173 775 1238 sol
797 1174 880 1236 inter
902 1170 1029 1237 sidera.
1066 1172 1145 1251 Qua·

262 1300 298 1343 re
330 1298 399 1344 oum
433 1279 505 1361 ipse
537 1278 605 1341 suis
641 1277 762 1341 meritis
784 1277 839 1341 'sit
872 1295 972 1341 causa
1014 1278 1146 1343 homini·

262 1386 323 1449 bus
355 1384 442 1447 illins
477 1381 654 1446 beatissimi
677 1388 796 1463 status,
829 1389 862 1445 et
884 1382 990 1446 omnis
1015 1382 1146 1465 gloriae,

265 1509 359 1570 quam
381 1488 423 1551 ibi
446 1488 650 1568 obtinebunt,
674 1488 790 1553 merito
821 1488 938 1554 dicitnr
971 1487 1146 1571 potenst-

265 1597 327 1658 turt
349 1594 474 1658 soeculi.
568 1643 571 1647 .

306 1696 335 1759 3.
358 1696 481 1760 Dicitur
511 1701 601 1778 poter
630 1694 730 1777 [nturi
752 1684 871 1761 soeculi
898 1694 1079 1760 secuudum
1102 1695 1146 1759 di·

265 1801 439 1865 vinitatem.
472 1801 553 1865 Nam
579 1798 732 1863 divinitas
756 1818 856 1864 causa
878 1798 1045 1880 luitquod
1058 1798 1145 1864 Chri·

264 1912 334 1967 stus
357 1924 460 1986 genus
481 1901 654 1968 humanum
671 1902 862 1979 redemerit,
883 1907 917 1965 et
938 1922 958 1965 a
975 1903 1146 1968 divinitate

264 2008 377 2071 merita
399 2009 463 2071 vim
487 2008 573 2092 illam
597 2027 656 2072 nos
678 2006 828 2071 salvandi
847 2007 1041 2073 habuerunt,
1087 2008 1146 2074 ne·

265 2112 361 2194 nique
394 2112 632 2177 divinitas-est
663 2131 763 2177 causa
791 2110 983 2195 principalis
1005 2111 1147 2178 efficiens

252 2219 402 2278 ‘omnium
427 2215 584 2279 donorum
607 2215 734 2298 gratiae
758 2223 791 2280 et
821 2215 966 2297 gloriae,
1001 2223 1036 2280 et
1065 2216 1147 2281 illius

264 2325 435 2389 certissimi
453 2330 565 2405 status.
596 2322 687 2389 Unde
700 2322 857 2406 Christus,
874 2330 1036 2405 quatenus
1053 2323 1147 2403 neus,

264 2447 325 2492 non
350 2429 451 2492 solum
476 2438 526 2493 est
556 2412 767 2511 calculatori
788 2416 922 2508 soeculi,
947 2427 1025 2512 ona
1057 2438 1147 2514 parte

263 2534 326 2597 hoc
360 2533 524 2597 saeculum
571 2533 798 2616 complectitur
844 2534 993 2598 homines
1032 2537 1147 2601 beatos

262 2636 363 2721 (sicut
378 2637 506 2720 quando
524 2639 752 2714 consideratur
768 2647 804 2703 ut
818 2635 945 2721 homo),
969 2642 1032 2705 sed
1050 2643 1146 2706 etiam

264 2763 326 2825 qua
350 2749 444 2824 parte
466 2743 692 2825 complectitur
715 2741 875 2825 Angelos.
919 2743 1003 2809 Nam
1025 2744 1147 2831 Angeli

263 2865 387 2911 omnem
411 2866 499 2911 suam
524 2848 676 2930 gloriam,
708 2856 741 2910 et
773 2868 848 2927 esse
875 2867 967 2913 sunm
992 2850 1148 2920 deiforme

263 2954 383 3018 habent
405 2972 424 3016 a
447 2950 589 3033 Christo,
612 2970 676 3017 non
700 2960 735 3016 nt
757 2959 809 3016 est
831 2952 937 3048 homo,
952 2955 1023 3019 ¹sed
1038 2964 1078 3023 ut
1100 2964 1148 3022 est

263 3058 360 3123 Deus.
404 3058 498 3125 Unde
520 3075 631 3122 omnes
654 3063 729 3121 sont
751 3058 809 3122 lilii
830 3058 907 3137 Dei,
939 3064 1060 3143 utpote
1084 3062 1149 3128 dei·

261 3162 348 3229 ficati
371 3170 405 3228 et
427 3162 601 3228 deiformes
623 3182 684 3247 per
707 3162 793 3228 dona
815 3162 972 3249 gloriae,
