2817 4317
442 818 445 826 ’
557 835 811 929 consmunamo
833 837 862 895 n.

515 1001 562 1066 Do
585 999 650 1065 Deo
672 999 908 1080 sanctificatore.

235 1198 238 1203 ·
315 1165 543 1245 Sanctificotor
566 1165 680 1230 dicitur
715 1164 742 1230 1.
768 1164 842 1246 quia
875 1164 980 1235 omnis
1005 1182 1094 1229 sanc

273 1270 433 1335 hominum
465 1275 499 1332 et
521 1265 721 1351 Angelorum
743 1271 784 1332 ab
807 1269 882 1350 ipso
914 1274 987 1348 θείς
1022 1277 1061 1333 et

270 1355 611 1456 peruommunionem
635 1392 715 1437 suae
752 1372 950 1452 sanctitatis,
985 1388 1096 1437 omnen

270 1483 326 1546 ¹tos
346 1477 409 1544 sibi
431 1477 650 1563 assimilatet
673 1476 848 1541 deiformes
872 1475 982 1541 efficit.

268 1629 272 1637 .
315 1563 345 1646 2'.
369 1565 450 1657 Ouia
473 1581 546 1665 ipse
570 1580 661 1646 solus
683 1578 819 1664 injurias
842 1579 983 1644 insuam
1008 1580 1096 1645 infici

200 1757 208 1765 β
269 1683 475 1767 majestatem
514 1684 702 1749 commissas
740 1684 928 1750 condonare
968 1693 1089 1766 potest

246 1786 376 1886 0¹latres>
401 1788 576 1852 animarum
611 1783 818 1870 abstergere,
849 1787 1009 1870 ipsasque
1043 1789 1096 1853 aui

267 1909 423 1974 purgare,
447 1898 480 1954 et
501 1888 710 1956 sanctificare
717 1910 726 1971 ;
759 1892 830 1974 ipse
845 1891 945 1955 solus
966 1901 1086 1974 potest

272 1992 451 2059 illuminare
483 1995 668 2083 cognitione
699 1994 956 2077 supernaturali,
991 2005 1030 2059 ct
1060 1999 1096 2063 ch

271 2104 369 2163 tatem
407 2097 683 2181 supernaturalem
712 2099 909 2180 ¹infundero3
957 2100 1035 2183 ipsc
1075 2122 1095 2169 s

267 2201 390 2286 potest
403 2199 558 2283 Spiritum
582 2214 728 2269 sanctum
752 2223 815 2268 uua
843 2191 915 2267 ¹cum
940 2203 1032 2268 dono
1058 2207 1096 2271 ch

265 2301 349 2380 ,tatis
371 2306 545 2387 mentibus,
566 2305 689 2371 adeas
707 2305 972 2388 sanctificandas,
998 2310 1096 2377 inser

258 2410 375 2475 ,natur
396 2417 502 2474 autem
532 2408 674 2495 Spiritus
712 2420 843 2494 sanctus
872 2430 934 2474 una
962 2406 1043 2476 cum
1076 2414 1096 2478 d

273 2512 456 2593 charitatis,
493 2522 529 2576 ut-
564 2534 623 2598 sua
655 2516 841 2596 praesentia
878 2516 1004 2582 animas
1042 2538 1096 2583 sar

272 2616 365 2699 ficet,
399 2637 459 2681 sua
482 2599 627 2701 potentia
649 2626 820 2702 protegat,
854 2618 1028 2700 illuminet,
1059 2644 1096 2687 re

274 2729 309 2788 ct
329 2722 373 2786 ad
396 2740 489 2788 omne
513 2724 628 2787 bonum
653 2724 790 2803 excitet,
820 2716 853 2786 et
883 2729 918 2785 ut
939 2722 1017 2805 ipse
1043 2748 1096 2810 pei

170 2864 173 2872 ·
264 2825 316 2904 ‚sit
338 2835 448 2890 nostra
472 2828 649 2908 possessio,
673 2847 736 2909 qua
760 2827 791 2890 in
815 2835 980 2891 aeternum
1007 2830 1096 2898 fruor

273 2929 416 3007 othcati
437 2931 567 3016 erimus.
629 2925 632 2929 ’

300 3030 345 3102 ;3.
366 3019 447 3109 Quia
468 3032 539 3115 ipse
562 3031 650 3096 solus
670 3050 781 3096 omncs
798 3031 868 3115 jam
902 3032 1063 3101 inchoate
1089 3060 1096 3103 r

272 3135 440 3218 ctificatos,
463 3136 505 3201 ad
522 3156 703 3220 supremam
728 3146 759 3198 et
782 3136 977 3220 completam
1001 3158 1096 3208 sanct

154 3299 158 3307 .
263 3242 336 3306 tem
355 3240 482 3324 evocet,
505 3240 701 3305 infundendo
721 3240 828 3304 lumen
843 3242 981 3325 gloriae,
1008 3243 1096 3329 quos,

242 3409 245 3413 Α
273 3365 332 3411 nes
354 3343 621 3438 illumaltissimo
651 3344 746 3438 modo
769 3356 980 3427 cognoscant,
1007 3355 1096 3420 etat

273 3448 355 3518 simo
387 3447 483 3513 modo
507 3455 628 3542 ament.
682 3448 763 3513 Nam
798 3448 963 3544 altissima
997 3466 1096 3530 sanct
