2817 4317
616 801 736 859 CAPUT
755 802 922 858 ouculuu.

336 931 502 1018 Quomodo
525 935 681 999 dieantur
704 938 832 999 intrare
855 935 1009 1021 abyssum
1027 937 1216 1001 divinitalis

572 1051 603 1102 et
625 1062 660 1102 oe
685 1042 722 1102 in
744 1040 802 1104 illa
822 1041 970 1126 perdere.

659 1172 727 1226 lbid.
746 1188 816 1226 uum.
836 1174 878 1228 96.

375 1305 530 1370 Diountur
566 1306 685 1367 intrare
726 1302 872 1383 abyssum
908 1304 1106 1381 diuinitatis,
1147 1303 1214 1385 qnia

332 1428 392 1491 per
412 1406 714 1488 contemplationem
747 1414 778 1469 et
802 1422 943 1467 amorem
973 1405 1061 1468 iilam
1089 1408 1215 1471 intrent.

333 1511 393 1588 Qui
416 1511 515 1574 Deum
535 1528 597 1573 non
621 1510 722 1592 viden
742 1508 821 1571 foris
845 1517 926 1589 stat,
949 1510 1013 1573 imo
1037 1510 1215 1592 proculab

333 1615 390 1679 illo
413 1615 519 1691 distat,
544 1615 618 1696 quia
641 1614 728 1677 Deus
747 1633 784 1676 se
807 1614 905 1676 hebet
928 1612 968 1675 ad
992 1612 1084 1677 illum
1118 1616 1216 1678 instar

333 1719 445 1801 procul
469 1718 621 1782 absentis.
667 1717 727 1796 Qui
748 1718 834 1781 illum
858 1718 945 1781 elane
975 1718 1087 1796 videt,
1125 1739 1216 1802 prae·

333 1843 410 1886 sens
442 1823 487 1886 iiii
523 1832 588 1904 est,
623 1843 728 1905 neque
759 1824 873 1887 haeret
902 1822 993 1903 quasi
1017 1824 1169 1886 exterius
1191 1824 1215 1885 iu

333 1925 523 2010 superficie,
558 1926 617 1991 sed
651 1928 736 1990 intro
773 1927 971 2009 ingreditur,
1010 1936 1043 1987 et
1075 1928 1106 1988 in
1135 1928 1217 1991 iiiam

335 2033 488 2115 abyssum
512 2051 548 2095 se
572 2031 747 2114 immergit,
778 2037 928 2113 quantum
951 2037 1070 2113 potest
1119 2031 1218 2097 Amor

335 2137 418 2201 enim
439 2136 523 2200 intra
545 2136 696 2207 dilectum
727 2137 918 2200 commorari
950 2134 1035 2216 vult3
1070 2138 1151 2219 quia
1175 2138 1219 2201 hio

336 2243 400 2326 ipsi
423 2248 473 2305 est
493 2240 587 2306 loeus
610 2239 779 2305 eodemus
803 2250 835 2305 et
865 2242 1010 2323 requies,
1043 2248 1077 2303 et
1096 2245 1220 2309 securi·
1253 2321 1255 2328 Ι

336 2354 387 2411 tas
410 2352 443 2410 et
465 2343 579 2408 omnia.
624 2341 673 2406 Eo
698 2351 804 2407 autem
828 2343 902 2426 plus
926 2344 980 2407 vel
1003 2342 1109 2408 minus
1137 2349 1221 2429 quis·

335 2472 398 2535 que
432 2453 584 2534 abyssum
619 2448 705 2513 illem
742 2456 910 2532 penetrat,
949 2467 990 2513 eo
1025 2452 1221 2531 profundius

334 2557 388 2621 vel
411 2557 513 2621 miuus
536 2553 696 2637 profunde
728 2554 758 2616 in
782 2574 852 2616 eam
882 2574 920 2616 se
940 2554 1125 2637 immergit,
1164 2574 1221 2639 quo

335 2662 407 2744 plus
426 2660 481 2724 vel
503 2659 606 2723 minus
631 2658 757 2721 luminis
791 2665 823 2721 et
858 2657 1025 2721 ohan-itatis
1061 2659 1222 2725 habuerit

379 2764 535 2827 Dicuntur
562 2781 597 2828 oe
618 2763 748 2845 perdere
770 2764 804 2826 io
825 2762 880 2826 illo
903 2762 1015 2843 abysso
1038 2767 1222 2831 seeundum

338 2890 431 2936 suum
468 2887 543 2932 esse
580 2874 740 2943 ereetum,
781 2874 814 2928 et
845 2886 969 2929 rursum
1003 2885 1039 2928 se
1073 2868 1222 2934 iuvenire

336 2973 509 3038 seeundum
530 2992 622 3038 suum
651 2990 725 3034 esse
748 2971 922 3034 inornatum
946 2978 979 3034 et
1002 2989 1221 3052 superessen-

336 3079 413 3143 tiale
436 3076 500 3160 (ite
516 3078 598 3141 enim
620 3075 743 3157 passim
760 3075 933 3156 loquuntur
956 3076 1223 3161 contemplativi)

335 3177 482 3248 ob'duas
506 3199 632 3246 causas,
676 3179 803 3259 Primo,
835 3180 909 3261 quie
937 3179 979 3242 ibi
1010 3180 1153 3262 primum
1178 3185 1223 3247 vi·

336 3287 413 3351 dent
444 3307 481 3350 se
509 3305 584 3350 esse
606 3284 708 3348 instar
736 3282 826 3345 nihili
855 3282 896 3345 ad
931 3281 1010 3344 illud
1031 3281 1224 3351 immensum

337 3392 474 3474 pelagus
502 3389 682 3468 essentiae,
714 3384 767 3469 (nt
788 3385 968 3468 Gregorius
991 3386 1224 3457 Nazianzenus

337 3492 500 3581 loquitur]
513 3513 618 3576 neque
641 3493 672 3556 in
691 3492 779 3556 illius
802 3488 1046 3573 conparatione
1064 3509 1103 3554 se
1124 3493 1226 3561 hube-
