2817 4317
600 798 778 857 PRECATIO
796 803 814 856 i.

466 927 782 1014 Ad'provid'entium
805 932 960 1008 diuinam.

470 1060 510 1115 Ex
527 1060 575 1116 lib.
596 1065 617 1117 1.
636 1063 668 1132 do
685 1063 796 1133 Perfert.
812 1082 874 1137 cap.
897 1070 939 1124 10.

312 1192 385 1270 Tuo,
402 1196 502 1273 pater,
519 1193 714 1273 providentia
728 1192 880 1273 posternat
895 1196 1018 1276 omniu,
1041 1217 1054 1279 p

264 1312 341 1377 pens
362 1314 383 1359 a
404 1295 465 1375 fine
487 1297 528 1360 ad
548 1296 648 1376 finem,
673 1298 714 1359 ab
737 1296 888 1359 extremis
917 1297 1054 1365 ooeloru

265 1400 329 1464 iura
349 1405 521 1479 terrarum3
554 1418 573 1461 a
607 1416 760 1480 supremo
784 1398 899 1481 spiritu
933 1401 977 1463 ud
1014 1404 1054 1467 int

266 1502 487 1582 vermioulum,
509 1500 631 1583 sortiter
647 1509 675 1567 et
689 1504 856 1584 disponens
878 1506 987 1569 omniu
1008 1524 1054 1572 sur

264 1604 474 1671 Fortissimus
509 1612 560 1700 ost
584 1604 656 1688 ejus
678 1612 833 1687 attactus,
857 1624 921 1688 quo
942 1623 1054 1674 orouut

265 1716 485 1775 sustentantur
507 1710 632 1774 omnia:
659 1710 851 1774 suavissima
873 1709 1054 1792 dispositio

265 1814 393 1896 singula
429 1832 490 1898 pro
526 1824 659 1878 naturae
690 1815 874 1880 conditione
906 1815 976 1877 suis
1008 1818 1054 1883 lot

266 1917 437 1984 ordinibus
459 1919 674 1998 collocantur,
698 1938 776 1983 suos
799 1919 831 1980 iu
851 1918 933 1984 fines
955 1920 1053 2005 dirig

267 2041 412 2106 suosque
436 2030 541 2089 motus
561 2045 676 2107 ugoro
704 2026 858 2087 sinuntur.
903 2024 977 2087 Non
1018 2029 1054 2092 fo

265 2134 442 2193 atomorum
466 2135 634 2210 oonoursu‚
658 2128 964 2192 aut-elementorum
983 2133 1054 2195 aori

264 2231 363 2311 flictu,
386 2240 440 2296 aut
463 2240 580 2316 sponte
603 2253 660 2297 rna
682 2232 819 2298 mundus
841 2232 904 2294 iste
927 2234 1054 2300 ooaluit

263 2335 395 2400 eminuit
415 2337 449 2400 in
474 2337 596 2418 luoom3
630 2337 687 2400 sed
712 2336 940 2419 providentiae
964 2345 1046 2403 tuus

263 2440 339 2503 silio
372 2447 405 2504 ot
437 2441 479 2505 vi.
524 2441 691 2519 Quomodo
726 2441 807 2504 enim
841 2444 1007 2508 testanti
1033 2445 1055 2507 ir

264 2551 296 2607 ot
330 2543 474 2622 artificii,
512 2545 544 2609 in
580 2564 642 2627 qua
673 2546 778 2609 orunia
811 2563 931 2608 summa
965 2549 1054 2615 ratio

262 2648 474 2731 proportione
503 2668 644 2713 ¹summo
674 2647 924 2730 pulchritudine,
960 2670 1054 2733 syrus

264 2758 298 2815 ot
336 2751 464 2816 outaxiu
502 2758 666 2831 constant,
707 2753 777 2815 sinu
821 2753 946 2816 rationo
989 2763 1028 2823 ,et

263 2854 348 2920 entia
384 2855 451 2918 [ieri
484 2855 689 2940 potuissent?
744 2856 811 2919 Tua
834 2856 1048 2938 providentia

263 2960 370 3025 omnia
403 2962 443 3024 ub
474 2967 607 3026 aeterno
646 2960 858 3042 excogitavit,
896 2965 1054 3045 oonoepit

262 3062 394 3141 stinxit,
424 3062 581 3145 digessit,
611 3062 783 3127 ordinavit.
827 3063 916 3128 Haeo
948 3066 1050 3150 singu

264 3166 402 3249 species,
435 3186 615 3248 mensurus,
642 3170 782 3246 formas,
803 3176 929 3251 partes,
962 3174 1054 3252 quali

262 3270 391 3334 indoles
416 3269 580 3351 definivit}
615 3272 702 3335 vires
735 3270 927 3354 multiplioes
963 3284 999 3340 et
1031 3279 1054 3341 ir

261 3379 366 3437 menta
399 3374 500 3437 voluti
533 3375 717 3458 panoplium
741 3376 899 3457 quandam
924 3378 968 3441 ad
993 3401 1054 3464 pro

260 3478 450 3560 innotionus,
473 3478 587 3561 suique
619 3480 838 3547 defensionem
875 3482 1042 3551 attribuit:
