<?xml version="1.0" encoding="UTF-8"?>
<!DOCTYPE html PUBLIC "-//W3C//DTD XHTML 1.0 Transitional//EN"
    "http://www.w3.org/TR/xhtml1/DTD/xhtml1-transitional.dtd">
<html xmlns="http://www.w3.org/1999/xhtml" xml:lang="en" lang="en">
 <head>
  <title>
</title>
<meta http-equiv="Content-Type" content="text/html;charset=utf-8" />
  <meta name='ocr-system' content='tesseract 3.04.00' />
  <meta name='ocr-capabilities' content='ocr_page ocr_carea ocr_par ocr_line ocrx_word'/>
</head>
<body>
  <div class='ocr_page' id='page_1' title='image "./leonardilessiio00lessgoog_0256.png"; bbox 0 0 2817 4317; ppageno 0'>
   <div class='ocr_carea' id='block_1_1' title="bbox 609 761 795 833">
    <p class='ocr_par' dir='ltr' id='par_1_1' title="bbox 609 761 795 833">
     <span class='ocr_line' id='line_1_1' title="bbox 609 761 795 833; baseline 0 -16"><span class='ocrx_word' id='word_1_1' title='bbox 609 761 795 833; x_wconf 74' lang='lat' dir='ltr'><strong>Pltllda&#39;t&#39;lo</strong></span> 
     </span>
    </p>
   </div>
   <div class='ocr_carea' id='block_1_2' title="bbox 459 893 957 1109">
    <p class='ocr_par' dir='ltr' id='par_1_2' title="bbox 459 893 957 1109">
     <span class='ocr_line' id='line_1_2' title="bbox 498 893 922 959; baseline 0.009 -4"><span class='ocrx_word' id='word_1_2' title='bbox 498 893 553 956; x_wconf 82' lang='lat' dir='ltr'><strong>At</strong></span> <span class='ocrx_word' id='word_1_3' title='bbox 574 893 824 959; x_wconf 71' lang='lat' dir='ltr'><strong>immensitatem</strong></span> <span class='ocrx_word' id='word_1_4' title='bbox 850 896 922 959; x_wconf 86' lang='lat' dir='ltr'><strong>Dei.</strong></span> 
     </span>
     <span class='ocr_line' id='line_1_3' title="bbox 459 1024 957 1109; baseline 0.004 -29"><span class='ocrx_word' id='word_1_5' title='bbox 459 1024 501 1081; x_wconf 80' lang='lat' dir='ltr'><strong>Ex</strong></span> <span class='ocrx_word' id='word_1_6' title='bbox 525 1026 571 1083; x_wconf 90' lang='lat' dir='ltr'><strong>lib.</strong></span> <span class='ocrx_word' id='word_1_7' title='bbox 598 1030 623 1088; x_wconf 80' lang='lat'><strong>2.</strong></span> <span class='ocrx_word' id='word_1_8' title='bbox 649 1030 681 1084; x_wconf 87' lang='lat' dir='ltr'><strong>de</strong></span> <span class='ocrx_word' id='word_1_9' title='bbox 707 1027 817 1098; x_wconf 82' lang='lat' dir='ltr'><strong>Perstet.</strong></span> <span class='ocrx_word' id='word_1_10' title='bbox 844 1046 905 1109; x_wconf 84' lang='lat' dir='ltr'><strong>cap.</strong></span> <span class='ocrx_word' id='word_1_11' title='bbox 932 1035 957 1086; x_wconf 83' lang='lat'><strong>4.</strong></span> 
     </span>
    </p>
   </div>
   <div class='ocr_carea' id='block_1_3' title="bbox 232 1157 1152 3429">
    <p class='ocr_par' dir='ltr' id='par_1_3' title="bbox 254 1157 1152 2076">
     <span class='ocr_line' id='line_1_4' title="bbox 309 1157 1152 1246; baseline 0.001 -24"><span class='ocrx_word' id='word_1_12' title='bbox 309 1157 452 1241; x_wconf 84' lang='lat' dir='ltr'><strong>Magnus</strong></span> <span class='ocrx_word' id='word_1_13' title='bbox 475 1158 707 1241; x_wconf 84' lang='lat' dir='ltr'><strong>es‚1tomine,</strong></span> <span class='ocrx_word' id='word_1_14' title='bbox 732 1164 765 1220; x_wconf 89' lang='lat' dir='ltr'><strong>et</strong></span> <span class='ocrx_word' id='word_1_15' title='bbox 787 1157 959 1246; x_wconf 88' lang='lat' dir='ltr'><strong>laudabilis</strong></span> <span class='ocrx_word' id='word_1_16' title='bbox 982 1159 1096 1238; x_wconf 87' lang='lat' dir='ltr'><strong>valde,</strong></span> <span class='ocrx_word' id='word_1_17' title='bbox 1120 1166 1152 1223; x_wconf 90' lang='lat' dir='ltr'><strong>et</strong></span> 
     </span>
     <span class='ocr_line' id='line_1_5' title="bbox 264 1262 1150 1345; baseline 0.001 -17"><span class='ocrx_word' id='word_1_18' title='bbox 264 1262 496 1345; x_wconf 78' lang='lat' dir='ltr'><strong>magnitudinis</strong></span> <span class='ocrx_word' id='word_1_19' title='bbox 513 1268 587 1328; x_wconf 90' lang='lat' dir='ltr'><strong>tuae</strong></span> <span class='ocrx_word' id='word_1_20' title='bbox 603 1280 665 1328; x_wconf 89' lang='lat' dir='ltr'><strong>oon</strong></span> <span class='ocrx_word' id='word_1_21' title='bbox 684 1269 735 1327; x_wconf 88' lang='lat' dir='ltr'><strong>est</strong></span> <span class='ocrx_word' id='word_1_22' title='bbox 757 1262 846 1327; x_wconf 86' lang='lat' dir='ltr'><strong>finis:</strong></span> <span class='ocrx_word' id='word_1_23' title='bbox 870 1263 1031 1329; x_wconf 78' lang='lat' dir='ltr'><strong>excelsior</strong></span> <span class='ocrx_word' id='word_1_24' title='bbox 1046 1264 1150 1344; x_wconf 91' lang='lat' dir='ltr'><strong>coelo,</strong></span> 
     </span>
     <span class='ocr_line' id='line_1_6' title="bbox 263 1364 1148 1450; baseline 0 -19"><span class='ocrx_word' id='word_1_25' title='bbox 263 1367 364 1432; x_wconf 88' lang='lat' dir='ltr'><strong>latior</strong></span> <span class='ocrx_word' id='word_1_26' title='bbox 382 1364 477 1445; x_wconf 88' lang='lat' dir='ltr'><strong>mari,</strong></span> <span class='ocrx_word' id='word_1_27' title='bbox 491 1365 684 1448; x_wconf 83' lang='lat' dir='ltr'><strong>profundior</strong></span> <span class='ocrx_word' id='word_1_28' title='bbox 708 1366 845 1449; x_wconf 81' lang='lat' dir='ltr'><strong>abyssis,</strong></span> <span class='ocrx_word' id='word_1_29' title='bbox 869 1365 1006 1450; x_wconf 90' lang='lat' dir='ltr'><strong>implens</strong></span> <span class='ocrx_word' id='word_1_30' title='bbox 1030 1367 1148 1444; x_wconf 91' lang='lat' dir='ltr'><strong>omnia,</strong></span> 
     </span>
     <span class='ocr_line' id='line_1_7' title="bbox 263 1462 1150 1553; baseline -0.001 -17"><span class='ocrx_word' id='word_1_31' title='bbox 263 1462 469 1536; x_wconf 89' lang='lat' dir='ltr'><strong>circumdans</strong></span> <span class='ocrx_word' id='word_1_32' title='bbox 494 1469 614 1549; x_wconf 88' lang='lat' dir='ltr'><strong>omnia,</strong></span> <span class='ocrx_word' id='word_1_33' title='bbox 647 1476 680 1533; x_wconf 87' lang='lat' dir='ltr'><strong>et</strong></span> <span class='ocrx_word' id='word_1_34' title='bbox 702 1479 862 1552; x_wconf 88' lang='lat' dir='ltr'><strong>tamquam</strong></span> <span class='ocrx_word' id='word_1_35' title='bbox 885 1471 1058 1553; x_wconf 81' lang='lat' dir='ltr'><strong>sphaeram</strong></span> <span class='ocrx_word' id='word_1_36' title='bbox 1081 1490 1150 1535; x_wconf 89' lang='lat' dir='ltr'><strong>mo·</strong></span> 
     </span>
     <span class='ocr_line' id='line_1_8' title="bbox 264 1564 1149 1659; baseline 0.001 -20"><span class='ocrx_word' id='word_1_37' title='bbox 264 1574 369 1640; x_wconf 89' lang='lat' dir='ltr'><strong>dicam</strong></span> <span class='ocrx_word' id='word_1_38' title='bbox 394 1581 493 1638; x_wconf 88' lang='lat' dir='ltr'><strong>totum</strong></span> <span class='ocrx_word' id='word_1_39' title='bbox 527 1575 590 1638; x_wconf 87' lang='lat' dir='ltr'><strong>lroe</strong></span> <span class='ocrx_word' id='word_1_40' title='bbox 613 1569 796 1639; x_wconf 86' lang='lat' dir='ltr'><strong>universum</strong></span> <span class='ocrx_word' id='word_1_41' title='bbox 820 1574 927 1657; x_wconf 88' lang='lat' dir='ltr'><strong>palmo</strong></span> <span class='ocrx_word' id='word_1_42' title='bbox 952 1564 1149 1659; x_wconf 62' lang='lat' dir='ltr'><strong>&#39;circumple-</strong></span> 
     </span>
     <span class='ocr_line' id='line_1_9' title="bbox 263 1666 1149 1762; baseline 0 -19"><span class='ocrx_word' id='word_1_43' title='bbox 263 1686 367 1743; x_wconf 75' lang='lat' dir='ltr'><strong>ctens</strong></span> <span class='ocrx_word' id='word_1_44' title='bbox 419 1677 468 1743; x_wconf 76' lang='lat' dir='ltr'><strong>&#39;l’u</strong></span> <span class='ocrx_word' id='word_1_45' title='bbox 501 1678 642 1760; x_wconf 91' lang='lat' dir='ltr'><strong>sphaera</strong></span> <span class='ocrx_word' id='word_1_46' title='bbox 670 1666 1020 1762; x_wconf 85' lang='lat' dir='ltr'><strong>incomprehensibilis,</strong></span> <span class='ocrx_word' id='word_1_47' title='bbox 1055 1678 1149 1762; x_wconf 87' lang='lat' dir='ltr'><strong>cujus</strong></span> 
     </span>
     <span class='ocr_line' id='line_1_10' title="bbox 254 1769 1149 1866; baseline -0.002 -16"><span class='ocrx_word' id='word_1_48' title='bbox 254 1779 411 1862; x_wconf 72' lang='lat' dir='ltr'><strong>&#39;centrum</strong></span> <span class='ocrx_word' id='word_1_49' title='bbox 435 1783 561 1866; x_wconf 87' lang='lat' dir='ltr'><strong>ubique,</strong></span> <span class='ocrx_word' id='word_1_50' title='bbox 584 1783 723 1847; x_wconf 80' lang='lat' dir='ltr'><strong>ambitus</strong></span> <span class='ocrx_word' id='word_1_51' title='bbox 746 1769 780 1847; x_wconf 87' lang='lat' dir='ltr'><strong>et</strong></span> <span class='ocrx_word' id='word_1_52' title='bbox 799 1783 1058 1848; x_wconf 78' lang='lat' dir='ltr'><strong>circumferentia</strong></span> <span class='ocrx_word' id='word_1_53' title='bbox 1073 1805 1149 1850; x_wconf 91' lang='lat' dir='ltr'><strong>nus·</strong></span> 
     </span>
     <span class='ocr_line' id='line_1_11' title="bbox 264 1885 1144 1973; baseline 0.001 -21"><span class='ocrx_word' id='word_1_54' title='bbox 264 1907 379 1971; x_wconf 72' lang='lat' dir='ltr'><strong>quam,</strong></span> <span class='ocrx_word' id='word_1_55' title='bbox 409 1894 443 1951; x_wconf 89' lang='lat' dir='ltr'><strong>ut</strong></span> <span class='ocrx_word' id='word_1_56' title='bbox 474 1888 605 1971; x_wconf 84' lang='lat' dir='ltr'><strong>quidam</strong></span> <span class='ocrx_word' id='word_1_57' title='bbox 628 1885 853 1973; x_wconf 85' lang='lat' dir='ltr'><strong>philosophos</strong></span> <span class='ocrx_word' id='word_1_58' title='bbox 876 1895 974 1951; x_wconf 84' lang='lat' dir='ltr'><strong>recte</strong></span> <span class='ocrx_word' id='word_1_59' title='bbox 990 1886 1085 1968; x_wconf 85' lang='lat' dir='ltr'><strong>dixit,</strong></span> <span class='ocrx_word' id='word_1_60' title='bbox 1116 1890 1144 1953; x_wconf 92' lang='lat' dir='ltr'><strong>si</strong></span> 
     </span>
     <span class='ocr_line' id='line_1_12' title="bbox 263 1992 898 2076; baseline -0.003 -19"><span class='ocrx_word' id='word_1_61' title='bbox 263 2010 347 2057; x_wconf 91' lang='lat' dir='ltr'><strong>sano</strong></span> <span class='ocrx_word' id='word_1_62' title='bbox 371 2010 469 2058; x_wconf 89' lang='lat' dir='ltr'><strong>sensu</strong></span> <span class='ocrx_word' id='word_1_63' title='bbox 491 1992 658 2056; x_wconf 78' lang='lat' dir='ltr'><strong>intellexit.</strong></span> <span class='ocrx_word' id='word_1_64' title='bbox 896 2071 898 2076; x_wconf 23' lang='grc' dir='ltr'>Ι</span> 
     </span>
    </p>

    <p class='ocr_par' dir='ltr' id='par_1_4' title="bbox 232 2089 1148 3429">
     <span class='ocr_line' id='line_1_13' title="bbox 303 2089 1148 2179; baseline -0.002 -17"><span class='ocrx_word' id='word_1_65' title='bbox 303 2089 422 2162; x_wconf 49' lang='lat' dir='ltr'><strong>&#39;Omnia</strong></span> <span class='ocrx_word' id='word_1_66' title='bbox 444 2095 589 2160; x_wconf 87' lang='lat' dir='ltr'><strong>locorum</strong></span> <span class='ocrx_word' id='word_1_67' title='bbox 612 2095 719 2179; x_wconf 88' lang='lat' dir='ltr'><strong>spatia</strong></span> <span class='ocrx_word' id='word_1_68' title='bbox 741 2113 885 2179; x_wconf 82' lang='lat' dir='ltr'><strong>occupas</strong></span> <span class='ocrx_word' id='word_1_69' title='bbox 901 2096 997 2160; x_wconf 81' lang='lat' dir='ltr'><strong>&#39;intra</strong></span> <span class='ocrx_word' id='word_1_70' title='bbox 1028 2102 1060 2160; x_wconf 91' lang='lat' dir='ltr'><strong>et</strong></span> <span class='ocrx_word' id='word_1_71' title='bbox 1092 2115 1148 2165; x_wconf 83' lang='lat' dir='ltr'><strong>cx·</strong></span> 
     </span>
     <span class='ocr_line' id='line_1_14' title="bbox 264 2199 1146 2285; baseline 0 -20"><span class='ocrx_word' id='word_1_72' title='bbox 264 2208 314 2265; x_wconf 90' lang='lat' dir='ltr'><strong>tra</strong></span> <span class='ocrx_word' id='word_1_73' title='bbox 339 2201 503 2279; x_wconf 91' lang='lat' dir='ltr'><strong>mundum,</strong></span> <span class='ocrx_word' id='word_1_74' title='bbox 527 2199 698 2266; x_wconf 81' lang='lat' dir='ltr'><strong>fundamen</strong></span> <span class='ocrx_word' id='word_1_75' title='bbox 720 2202 808 2285; x_wconf 90' lang='lat' dir='ltr'><strong>ipse,</strong></span> <span class='ocrx_word' id='word_1_76' title='bbox 832 2200 930 2265; x_wconf 89' lang='lat' dir='ltr'><strong>sedes</strong></span> <span class='ocrx_word' id='word_1_77' title='bbox 953 2206 987 2264; x_wconf 91' lang='lat' dir='ltr'><strong>et</strong></span> <span class='ocrx_word' id='word_1_78' title='bbox 1008 2201 1146 2284; x_wconf 89' lang='lat' dir='ltr'><strong>spatium</strong></span> 
     </span>
     <span class='ocr_line' id='line_1_15' title="bbox 263 2303 1142 2393; baseline 0 -25"><span class='ocrx_word' id='word_1_79' title='bbox 263 2306 370 2393; x_wconf 18' lang='lat' dir='ltr'><strong>o&#39;mnis</strong></span> <span class='ocrx_word' id='word_1_80' title='bbox 401 2304 498 2385; x_wconf 90' lang='lat' dir='ltr'><strong>spatii</strong></span> <span class='ocrx_word' id='word_1_81' title='bbox 533 2303 714 2370; x_wconf 88' lang='lat' dir='ltr'><strong>extendens</strong></span> <span class='ocrx_word' id='word_1_82' title='bbox 745 2312 778 2369; x_wconf 88' lang='lat' dir='ltr'><strong>et</strong></span> <span class='ocrx_word' id='word_1_83' title='bbox 806 2304 1004 2369; x_wconf 82' lang='lat' dir='ltr'><strong>substituens</strong></span> <span class='ocrx_word' id='word_1_84' title='bbox 1028 2306 1142 2388; x_wconf 86' lang='lat' dir='ltr'><strong>primo,</strong></span> 
     </span>
     <span class='ocr_line' id='line_1_16' title="bbox 263 2408 1146 2493; baseline 0.001 -19"><span class='ocrx_word' id='word_1_85' title='bbox 263 2409 404 2474; x_wconf 90' lang='lat' dir='ltr'><strong>omnium</strong></span> <span class='ocrx_word' id='word_1_86' title='bbox 429 2408 607 2489; x_wconf 87' lang='lat' dir='ltr'><strong>spatiorum</strong></span> <span class='ocrx_word' id='word_1_87' title='bbox 628 2418 661 2475; x_wconf 90' lang='lat' dir='ltr'><strong>et</strong></span> <span class='ocrx_word' id='word_1_88' title='bbox 684 2410 929 2475; x_wconf 83' lang='lat' dir='ltr'><strong>intervallorum</strong></span> <span class='ocrx_word' id='word_1_89' title='bbox 952 2416 1015 2474; x_wconf 90' lang='lat' dir='ltr'><strong>tam</strong></span> <span class='ocrx_word' id='word_1_90' title='bbox 1038 2412 1146 2493; x_wconf 91' lang='lat' dir='ltr'><strong>possi·</strong></span> 
     </span>
     <span class='ocr_line' id='line_1_17' title="bbox 257 2511 1146 2603; baseline 0.002 -26"><span class='ocrx_word' id='word_1_91' title='bbox 257 2513 373 2603; x_wconf 7' lang='lat' dir='ltr'><strong>‘bilium</strong></span> <span class='ocrx_word' id='word_1_92' title='bbox 398 2530 492 2594; x_wconf 89' lang='lat' dir='ltr'><strong>quam</strong></span> <span class='ocrx_word' id='word_1_93' title='bbox 524 2511 659 2577; x_wconf 82' lang='lat' dir='ltr'><strong>realium</strong></span> <span class='ocrx_word' id='word_1_94' title='bbox 692 2513 953 2597; x_wconf 84' lang='lat' dir='ltr'><strong>immensitatem,</strong></span> <span class='ocrx_word' id='word_1_95' title='bbox 985 2521 1146 2596; x_wconf 85' lang='lat' dir='ltr'><strong>tamquam</strong></span> 
     </span>
     <span class='ocr_line' id='line_1_18' title="bbox 248 2601 1148 2704; baseline 0.004 -25"><span class='ocrx_word' id='word_1_96' title='bbox 248 2601 367 2701; x_wconf 79' lang='lat' dir='ltr'><strong>prima</strong></span> <span class='ocrx_word' id='word_1_97' title='bbox 390 2616 527 2679; x_wconf 91' lang='lat' dir='ltr'><strong>omnium</strong></span> <span class='ocrx_word' id='word_1_98' title='bbox 551 2616 654 2698; x_wconf 82' lang='lat' dir='ltr'><strong>basis,</strong></span> <span class='ocrx_word' id='word_1_99' title='bbox 673 2617 725 2682; x_wconf 89' lang='lat' dir='ltr'><strong>cui</strong></span> <span class='ocrx_word' id='word_1_100' title='bbox 748 2619 854 2682; x_wconf 91' lang='lat' dir='ltr'><strong>omnia</strong></span> <span class='ocrx_word' id='word_1_101' title='bbox 870 2604 987 2684; x_wconf 88' lang='lat' dir='ltr'><strong>innixa.</strong></span> <span class='ocrx_word' id='word_1_102' title='bbox 1032 2618 1148 2704; x_wconf 81' lang='lat' dir='ltr'><strong>Neque</strong></span> 
     </span>
     <span class='ocr_line' id='line_1_19' title="bbox 262 2720 1147 2807; baseline 0 -20"><span class='ocrx_word' id='word_1_103' title='bbox 262 2720 348 2787; x_wconf 90' lang='lat' dir='ltr'><strong>enim</strong></span> <span class='ocrx_word' id='word_1_104' title='bbox 372 2720 497 2785; x_wconf 90' lang='lat' dir='ltr'><strong>coelum</strong></span> <span class='ocrx_word' id='word_1_105' title='bbox 521 2720 687 2787; x_wconf 87' lang='lat' dir='ltr'><strong>dumtaxat</strong></span> <span class='ocrx_word' id='word_1_106' title='bbox 709 2722 867 2805; x_wconf 79' lang='lat' dir='ltr'><strong>extendis,</strong></span> <span class='ocrx_word' id='word_1_107' title='bbox 889 2732 923 2787; x_wconf 84' lang='lat' dir='ltr'><strong>et</strong></span> <span class='ocrx_word' id='word_1_108' title='bbox 944 2722 1040 2807; x_wconf 89' lang='lat' dir='ltr'><strong>hujus</strong></span> <span class='ocrx_word' id='word_1_109' title='bbox 1056 2744 1147 2788; x_wconf 92' lang='lat' dir='ltr'><strong>muu-</strong></span> 
     </span>
     <span class='ocr_line' id='line_1_20' title="bbox 263 2816 1146 2910; baseline 0.003 -20"><span class='ocrx_word' id='word_1_110' title='bbox 263 2824 567 2910; x_wconf 59' lang='lat' dir='ltr'><strong>disscapacissimam</strong></span> <span class='ocrx_word' id='word_1_111' title='bbox 590 2825 790 2889; x_wconf 87' lang='lat' dir='ltr'><strong>vastitatem:</strong></span> <span class='ocrx_word' id='word_1_112' title='bbox 821 2824 880 2905; x_wconf 89' lang='lat' dir='ltr'><strong>sed</strong></span> <span class='ocrx_word' id='word_1_113' title='bbox 904 2816 1146 2908; x_wconf 51' lang='lat' dir='ltr'><strong>miro&#39;quodam</strong></span> 
     </span>
     <span class='ocr_line' id='line_1_21' title="bbox 243 2925 1146 3014; baseline 0 -19"><span class='ocrx_word' id='word_1_114' title='bbox 243 2925 362 2995; x_wconf 58' lang='lat' dir='ltr'><strong>&#39;modo</strong></span> <span class='ocrx_word' id='word_1_115' title='bbox 386 2929 482 3014; x_wconf 84' lang='lat' dir='ltr'><strong>eliam</strong></span> <span class='ocrx_word' id='word_1_116' title='bbox 506 2928 569 2994; x_wconf 91' lang='lat' dir='ltr'><strong>hoc</strong></span> <span class='ocrx_word' id='word_1_117' title='bbox 591 2929 694 3012; x_wconf 87' lang='lat' dir='ltr'><strong>ipsum</strong></span> <span class='ocrx_word' id='word_1_118' title='bbox 718 2930 874 3012; x_wconf 88' lang='lat' dir='ltr'><strong>spatium,</strong></span> <span class='ocrx_word' id='word_1_119' title='bbox 905 2929 936 2991; x_wconf 92' lang='lat' dir='ltr'><strong>in</strong></span> <span class='ocrx_word' id='word_1_120' title='bbox 970 2948 1033 3010; x_wconf 89' lang='lat' dir='ltr'><strong>quo</strong></span> <span class='ocrx_word' id='word_1_121' title='bbox 1056 2951 1146 2995; x_wconf 85' lang='lat' dir='ltr'><strong>mun·</strong></span> 
     </span>
     <span class='ocr_line' id='line_1_22' title="bbox 263 3023 1146 3115; baseline -0.001 -16"><span class='ocrx_word' id='word_1_122' title='bbox 263 3036 338 3099; x_wconf 90' lang='lat' dir='ltr'><strong>dum</strong></span> <span class='ocrx_word' id='word_1_123' title='bbox 363 3032 545 3111; x_wconf 87' lang='lat' dir='ltr'><strong>condidisti,</strong></span> <span class='ocrx_word' id='word_1_124' title='bbox 569 3023 747 3115; x_wconf 84' lang='lat' dir='ltr'><strong>expandis,</strong></span> <span class='ocrx_word' id='word_1_125' title='bbox 770 3053 832 3098; x_wconf 93' lang='lat' dir='ltr'><strong>non</strong></span> <span class='ocrx_word' id='word_1_126' title='bbox 856 3034 921 3098; x_wconf 93' lang='lat' dir='ltr'><strong>alio</strong></span> <span class='ocrx_word' id='word_1_127' title='bbox 944 3053 1024 3099; x_wconf 90' lang='lat' dir='ltr'><strong>saue</strong></span> <span class='ocrx_word' id='word_1_128' title='bbox 1046 3034 1146 3098; x_wconf 89' lang='lat' dir='ltr'><strong>inter·</strong></span> 
     </span>
     <span class='ocr_line' id='line_1_23' title="bbox 263 3137 1146 3220; baseline 0.005 -22"><span class='ocrx_word' id='word_1_129' title='bbox 263 3137 351 3202; x_wconf 88' lang='lat' dir='ltr'><strong>vallo</strong></span> <span class='ocrx_word' id='word_1_130' title='bbox 375 3157 468 3219; x_wconf 90' lang='lat' dir='ltr'><strong>quam</strong></span> <span class='ocrx_word' id='word_1_131' title='bbox 490 3137 717 3220; x_wconf 81' lang='lat' dir='ltr'><strong>magnitudinis</strong></span> <span class='ocrx_word' id='word_1_132' title='bbox 742 3146 823 3203; x_wconf 92' lang='lat' dir='ltr'><strong>tuae.</strong></span> <span class='ocrx_word' id='word_1_133' title='bbox 856 3137 947 3203; x_wconf 87' lang='lat' dir='ltr'><strong>Haec</strong></span> <span class='ocrx_word' id='word_1_134' title='bbox 969 3146 1021 3201; x_wconf 89' lang='lat' dir='ltr'><strong>est</strong></span> <span class='ocrx_word' id='word_1_135' title='bbox 1043 3138 1146 3220; x_wconf 88' lang='lat' dir='ltr'><strong>prima</strong></span> 
     </span>
     <span class='ocr_line' id='line_1_24' title="bbox 232 3241 1144 3324; baseline 0.001 -18"><span class='ocrx_word' id='word_1_136' title='bbox 232 3313 235 3318; x_wconf 62' lang='grc'>,</span> <span class='ocrx_word' id='word_1_137' title='bbox 263 3244 298 3307; x_wconf 90' lang='lat' dir='ltr'><strong>et</strong></span> <span class='ocrx_word' id='word_1_138' title='bbox 320 3241 570 3306; x_wconf 83' lang='lat' dir='ltr'><strong>fundamentalis</strong></span> <span class='ocrx_word' id='word_1_139' title='bbox 594 3242 772 3324; x_wconf 84' lang='lat' dir='ltr'><strong>capacitas,</strong></span> <span class='ocrx_word' id='word_1_140' title='bbox 791 3241 991 3323; x_wconf 85' lang='lat' dir='ltr'><strong>spatiositas,</strong></span> <span class='ocrx_word' id='word_1_141' title='bbox 1015 3262 1072 3307; x_wconf 90' lang='lat' dir='ltr'><strong>seu</strong></span> <span class='ocrx_word' id='word_1_142' title='bbox 1097 3244 1144 3307; x_wconf 91' lang='lat' dir='ltr'><strong>la·</strong></span> 
     </span>
     <span class='ocr_line' id='line_1_25' title="bbox 262 3345 1144 3429; baseline -0.001 -18"><span class='ocrx_word' id='word_1_143' title='bbox 262 3348 359 3426; x_wconf 78' lang='lat' dir='ltr'><strong>nitas,</strong></span> <span class='ocrx_word' id='word_1_144' title='bbox 382 3346 413 3409; x_wconf 90' lang='lat' dir='ltr'><strong>in</strong></span> <span class='ocrx_word' id='word_1_145' title='bbox 436 3364 498 3426; x_wconf 88' lang='lat' dir='ltr'><strong>qua</strong></span> <span class='ocrx_word' id='word_1_146' title='bbox 522 3364 616 3420; x_wconf 87' lang='lat' dir='ltr'><strong>omne</strong></span> <span class='ocrx_word' id='word_1_147' title='bbox 639 3345 726 3409; x_wconf 91' lang='lat' dir='ltr'><strong>aliud</strong></span> <span class='ocrx_word' id='word_1_148' title='bbox 757 3347 893 3429; x_wconf 88' lang='lat' dir='ltr'><strong>spatium</strong></span> <span class='ocrx_word' id='word_1_149' title='bbox 915 3354 1067 3411; x_wconf 89' lang='lat' dir='ltr'><strong>constare</strong></span> <span class='ocrx_word' id='word_1_150' title='bbox 1088 3346 1144 3410; x_wconf 90' lang='lat' dir='ltr'><strong>de·</strong></span> 
     </span>
    </p>
   </div>
   <div class='ocr_carea' id='block_1_4' title="bbox 262 3447 1143 3533">
    <p class='ocr_par' dir='ltr' id='par_1_5' title="bbox 262 3447 1143 3533">
     <span class='ocr_line' id='line_1_26' title="bbox 262 3447 1143 3533; baseline 0.003 -19"><span class='ocrx_word' id='word_1_151' title='bbox 262 3451 330 3531; x_wconf 89' lang='lat' dir='ltr'><strong>bet,</strong></span> <span class='ocrx_word' id='word_1_152' title='bbox 354 3455 387 3513; x_wconf 92' lang='lat' dir='ltr'><strong>et</strong></span> <span class='ocrx_word' id='word_1_153' title='bbox 410 3447 503 3531; x_wconf 84' lang='lat' dir='ltr'><strong>cujus</strong></span> <span class='ocrx_word' id='word_1_154' title='bbox 527 3450 651 3514; x_wconf 83' lang='lat' dir='ltr'><strong>ratione</strong></span> <span class='ocrx_word' id='word_1_155' title='bbox 681 3448 1026 3533; x_wconf 85' lang='lat' dir='ltr'><strong>immensumspatium</strong></span> <span class='ocrx_word' id='word_1_156' title='bbox 1051 3471 1143 3518; x_wconf 86' lang='lat' dir='ltr'><strong>crea·</strong></span> 
     </span>
    </p>
   </div>
   <div class='ocr_carea' id='block_1_5' title="bbox 0 0 1414 4317">
    <p class='ocr_par' dir='ltr' id='par_1_6' title="bbox 0 0 1414 4317">
     <span class='ocr_line' id='line_1_27' title="bbox 0 0 1414 4317; baseline 0 0"><span class='ocrx_word' id='word_1_157' title='bbox 0 0 1414 4317; x_wconf 95' lang='lat' dir='ltr'><strong> </strong></span> 
     </span>
    </p>
   </div>
  </div>
 </body>
</html>
