2817 4317
1083 534 1147 602 225

265 728 322 790 vel
345 726 564 811 permittente,
595 737 627 791 et
649 730 680 793 iu
704 732 891 811 praesentia
915 737 968 795 tuu
992 727 1147 794 ineffabili

265 832 372 894 omnia
395 832 540 895 intuente
569 842 602 896 ut
626 835 817 917 praeseutia.

311 936 408 1018 Apud
443 945 475 1000 tu
504 945 554 1000 est
585 938 686 1001 omnis
726 941 801 1002 boni
833 938 1016 1021 plenitudo,
1050 958 1146 1021 prue-
1176 1021 1178 1028 J

264 1042 409 1105 existens
433 1048 466 1102 et
488 1042 662 1124 anticipata
695 1051 769 1106 aute
797 1044 901 1105 omnia
925 1043 1072 1121 saecula,
1096 1042 1147 1104 uui

265 1145 354 1209 uuila
376 1146 535 1222 accessio,
559 1146 646 1209 uuila
666 1146 736 1212 fieri
761 1154 871 1230 potest
894 1147 1061 1210 detractio.
1094 1145 1147 1209 Si·

265 1249 330 1312 mul
371 1250 473 1336 habes
512 1252 552 1313 ab
589 1252 681 1315 initio
714 1252 869 1334 quidquid
900 1272 960 1334 per
992 1250 1146 1328 infinitum

265 1354 468 1417 saeuuiorum
507 1355 678 1418 decursum
719 1356 877 1421 accedere
917 1362 1043 1436 putest3
1085 1373 1148 1418 neu

266 1458 440 1540 quidquam
465 1468 561 1541 potes
591 1460 756 1538 amittere,
785 1462 860 1541 quia
883 1480 942 1543 per
972 1461 1145 1523 essentiam

263 1573 349 1629 tuum
373 1565 484 1643 habes,
508 1572 541 1629 et
563 1584 599 1627 us
622 1564 736 1628 omniu.

307 1674 370 1740 Hoc
381 1676 527 1755 primum,
548 1670 605 1736 tou
617 1676 806 1752 postremum
821 1687 842 1733 u
857 1675 886 1733 te
907 1670 1148 1735 submississimu

260 1776 377 1862 fluuio,
401 1783 435 1843 ut
456 1780 558 1857 primu
580 1774 817 1841 insaturatus
839 1774 981 1838 omuibus
1002 1777 1145 1855 cuqitutiu

261 1886 392 1964 incipiat
415 1900 435 1946 u
457 1859 494 1960 te,
517 1886 547 1945 et
566 1884 723 1962 postrema
744 1876 873 1957 finiatur
894 1880 927 1941 iu
950 1882 987 1941 tu.
1036 1879 1079 1942 Tu
1101 1884 1146 1943 sis

260 1984 449 2071 principium
471 2004 589 2059 muuuu
607 1989 640 2047 tu
655 1986 699 2046 sis
719 1981 792 2062 finis
813 1998 908 2046 meus.
955 1982 1003 2047 Tu·
1022 1985 1067 2047 sis
1089 1988 1146 2047 mi-

261 2094 295 2156 ut
316 2093 350 2156 iu
374 2090 515 2156 omuibus
538 2088 622 2153 Deus
642 2103 738 2165 meus,
762 2092 790 2171 ut
812 2090 926 2152 omniu.
972 2085 1088 2151 Amen.

512 2312 836 2375 CONSIDERATIO
864 2314 893 2373 ll.

545 2451 592 2514 Du
614 2449 679 2514 Duo
702 2456 852 2513 creatore.
926 2535 928 2538 v

505 2567 650 2639 ufseu‘tu
675 2588 767 2657 graii
790 2589 899 2638 animi.

310 2714 440 2779 Creator
462 2711 596 2777 diuitur:
634 2710 661 2775 1.
686 2712 760 2791 quia
782 2730 841 2774 suu
863 2710 983 2775 iufiuitu
1015 2713 1144 2795 supien-

265 2820 313 2884 tiu
337 2821 377 2882 ab
401 2825 533 2880 aeterno
557 2814 698 2878 infinitus
721 2816 858 2878 muudus
888 2820 1065 2886 cumomni
1090 2838 1144 2881 ur·

262 2933 341 2991 nutu
365 2931 399 2989 ut
421 2923 568 2987 omuibus
592 2922 689 2983 rubus
721 2920 761 2983 ud
786 2919 930 3001 singulus
954 2922 1143 3002 pertinenti-

263 3031 323 3092 bus
354 3026 614 3106 distinctissime,
645 3034 768 3088 etcum
786 3023 908 3087 infinita
932 3024 1004 3089 tuus
1027 3043 1145 3089 conou-

262 3133 322 3217 pit,
345 3140 378 3194 et
399 3133 556 3195 iumento
579 3150 639 3194 sua
662 3129 830 3210 formavit3
864 3137 897 3190 et
929 3137 968 3191 ux
1001 3128 1142 3209 infinitis,

264 3238 319 3320 qui
342 3238 439 3300 menti
462 3236 563 3317 ipsius
586 3232 839 3317 objiciebantur,
871 3235 956 3297 huno
985 3233 1144 3313 muudum,

262 3339 386 3406 ruliutis
421 3340 550 3422 ueteris,
583 3339 686 3403 libore
719 3339 838 3421 elegit;
871 3348 904 3401 et
934 3340 974 3401 ub
1008 3343 1141 3402 aeterno

263 3443 396 3523 firmiter
417 3445 583 3507 coustituit
605 3443 711 3524 illum,
734 3462 805 3508 uum
828 3442 897 3506 suis
921 3440 1077 3524 Angelis,
1110 3450 1143 3505 et

833 3527 935 3611 uui*
