2817 4317
1069 563 1129 629 201

244 760 393 839 potantem
416 759 449 820 io
475 773 511 821 eo
534 756 607 821 boni
622 757 830 838 deprehendit.
877 756 965 837 Onne
983 754 1055 820 toni
1076 774 1133 838 op·

244 863 364 945 petitio,
386 866 419 925 ot
442 862 543 925 toonm
565 860 656 926 toiet
675 864 710 925 tn
731 861 824 925 reios
847 878 926 942 pnoe
946 859 1134 925 naturaliter

245 968 449 1048 objr'oiontnr,
483 968 529 1029 eie
551 971 580 1031 et
601 969 636 1030 in
656 968 699 1029 tis
722 983 803 1047 pooe
823 966 938 1031 tormine
958 966 1079 1046 ptortoe
1098 969 1134 1030 in

244 1072 338 1135 roetir
356 1072 595 1151 proponuntur:
630 1088 687 1133 neo
710 1088 773 1134 non
794 1074 827 1135 in
857 1072 913 1145 iis,
942 1085 1022 1149 pone
1037 1071 1133 1146 jnoto

244 1178 392 1256 onortom
422 1175 548 1238 unionis
576 1173 701 1236 mortono
732 1173 838 1255 oioino
860 1173 981 1236 ionitos
1003 1173 1036 1233 in
1058 1189 1133 1234 oon·

246 1278 497 1359 temptetiooront
520 1277 673 1341 intellecto
696 1294 735 1340 oo
756 1276 913 1340 ootnntote
935 1276 1061 1354 operorr‘
1082 1290 1135 1336 oo-

248 1382 312 1448 tet:
344 1383 423 1447 odeo
439 1380 442 1386 '
459 1384 495 1444 ot
510 1384 606 1459 jorto
626 1383 859 1461 proportionem
883 1378 1008 1442 torminis
1029 1379 1062 1441 in
1084 1378 1134 1439 in·

249 1485 385 1563 tetteoto,
414 1488 486 1566 ipso
514 1484 658 1549 ootontos
680 1500 788 1548 amore
810 1487 839 1546 et
860 1481 973 1563 offerto
995 1498 1131 1545 eomrno·

244 1595 361 1654 oeotor.
407 1589 489 1670 (toto
510 1606 582 1653 oero
605 1588 805 1652 utilissimam
827 1589 861 1650 in
875 1584 1131 1664 contemplatione

245 1698 370 1775 portem
392 1692 535 1758 ootnntoo
557 1692 684 1768 obtinet,
715 1691 854 1768 nostrie,
886 1695 920 1754 nt
940 1690 982 1753 oet
1002 1707 1131 1753 monum

246 1799 317 1875 rint,
340 1796 399 1861 tor
420 1796 588 1860 ootnntotio
614 1794 789 1876 fonctiones
811 1799 841 1859 et
863 1798 952 1857 ortos
973 1792 1132 1857 rescribe·
1221 1853 1227 1865 ,

244 1918 323 1977 moro,
346 1917 426 1981 poor
447 1905 557 1964 onetor
579 1903 686 1963 nostor
707 1899 757 1963 tto.
787 1900 810 1962 2
834 1899 872 1965 rio
894 1898 1021 1963 Somno
1043 1897 1130 1962 Bono

244 2022 268 2069 o.
292 2002 333 2068 11.
354 2008 385 2068 et
406 2003 453 2068 12.
476 2005 637 2086 eoprersr't.

535 2240 653 2297 CAPUT
673 2241 844 2307 QUINTUM.

332 2377 383 2438 De
405 2397 516 2438 omero
535 2374 869 2462 contemplativornrm‚
892 2376 972 2472 qnid
994 2380 1049 2441 rit.

534 2506 576 2561 lix
594 2522 655 2578 cop.
678 2510 718 2565 11.
737 2524 781 2562 nu.
797 2509 841 2565 84.

287 2636 344 2701 Est
374 2639 478 2716 itopne
505 2638 626 2717 primos
654 2640 684 2701 et
711 2639 1002 2718 praestantissimos
1023 2640 1132 2703 ootnn·

244 2744 318 2806 totis
341 2744 431 2803 oetns
453 2756 543 2803 ornor
564 2739 632 2816 itte,
664 2756 754 2820 poem
772 2742 805 2803 tn
827 2742 1133 2822 contemplativorum

244 2842 394 2909 mentitos
422 2843 508 2907 Dens
529 2845 662 2918 erritot,·
693 2861 710 2908 e
732 2860 791 2924 ooo
813 2842 894 2908 oetnt
917 2862 955 2909 eo
977 2846 1133 2912 uberrimo

244 2947 325 3013 tonte
354 2948 492 3028 retr'pooe
523 2953 651 3011 sonotno
672 2947 841 3012 ootontotir
862 2952 1012 3015 motiones
1034 2952 1134 3017 rotent

244 3047 375 3132 optinere.
423 3044 527 3112 Amor
555 3057 661 3113 autom
684 3050 740 3113 ilio
766 3056 862 3131 jnoto
896 3058 1053 3120 onetorom
1075 3075 1132 3119 no-

244 3157 350 3229 rtrom,
372 3158 424 3214 ost
442 3150 581 3233 impetus
598 3150 726 3233 quidam
743 3159 1012 3238 supernaturalis,
1037 3178 1131 3241 quom

244 3260 348 3337 Deus,
384 3280 443 3343 por
472 3260 777 3344 contemplationem
802 3261 1004 3344 propositus,
1040 3264 1130 3327 miris

244 3364 348 3430 modis
372 3364 524 3447 imprimit
546 3364 714 3429 voluntati.
759 3362 851 3429 Siout
884 3365 969 3430 onim
993 3386 1126 3449 magnos
1217 3390 1219 3392 ’

244 3470 397 3553 impetum
433 3468 592 3552 quondam
626 3469 780 3553 imprimit
805 3471 913 3549 forro,
945 3492 1010 3556 quo
1044 3474 1125 3539 iliud

844 3572 927 3641 9⁶*
