2817 4317
1070 543 1111 612 ld

229 739 394 821 cretione;
419 737 496 821 qnia
511 756 593 822 opue
610 745 661 804 est
676 736 774 802 multo
793 744 953 818 tempore,
974 741 1008 799 et
1021 754 1111 802 nene

232 851 296 908 tnnr
317 844 420 924 longo
443 850 562 908 conatu
585 858 648 906 non
669 857 784 923 pernnr
806 841 969 924 fatigetur.
997 839 1112 923 ltaque

229 950 262 1013 in
285 947 438 1012 breviore
461 931 624 1027 oratione,
654 945 748 1010 verbi
771 945 878 1028 gretie
900 946 932 1010 in
962 945 1112 1010 cretione

232 1050 415 1129 Dominica‚
447 1050 643 1115 salutatione
668 1047 846 1131 Angelica‚
884 1049 916 1112 in
953 1048 1112 1133 symbolo·

227 1158 262 1221 in
290 1175 361 1222 nno
384 1155 439 1221 vel
458 1155 573 1219 ¹altero
602 1153 743 1237 psalmo,
772 1153 805 1216 in
832 1152 1113 1236 paucis-hymnis,

231 1268 264 1327 et
284 1260 451 1339 similione,
472 1258 506 1323 id
528 1258 615 1323 omni
636 1275 701 1341 ope
717 1256 907 1321 conandum.
936 1256 979 1321 Et
1000 1275 1112 1340 quem·

232 1365 282 1429 vie
313 1365 347 1430 in
384 1363 545 1447 principio
581 1363 625 1428 eit
662 1361 771 1445 alique
803 1361 997 1442 difficultne3
1032 1380 1111 1428 usne

231 1477 338 1536 tamen
358 1466 479 1534 sensim
509 1486 584 1533 rem-
602 1464 714 1530 reddit
741 1464 869 1532 facilem
901 1477 935 1530 et
966 1466 1111 1533 delecto-

229 1574 336 1639 bilem.
379 1570 485 1637 Porro
522 1569 643 1651 singuli
676 1569 846 1651 versiculi,
889 1570 954 1636 imo
984 1571 1112 1654 singule

229 1696 341 1761 poene·
358 1678 461 1741 verbe
482 1680 558 1742 eunt
578 1674 793 1740 attentissime
808 1674 1057 1755 considerando,
1072 1684 1112 1744 et

229 1799 340 1848 eorum
355 1780 407 1845 vie
418 1779 644 1863 expendenda,
657 1779 767 1844 allatis
779 1780 880 1844 variis
889 1781 1113 1863 conceptibus,

230 1887 356 1963 causis,
378 1885 522 1967 effectis,
545 1885 669 1964 modis,
693 1892 756 1951 etc.
800 1884 946 1967 Ideoque
979 1885 1113 1967 expedit

231 1991 378 2075 singulos
401 1989 579 2056 versiculos
596 1991 646 2056 bis
662 1999 756 2055 terve
771 1996 932 2072 repetere,
948 2006 1009 2054 nec
1022 1997 1113 2054 tren-

230 2095 296 2160 eire
327 2094 478 2176 ulterius,
508 2095 613 2164 donec
649 2113 709 2161 ece
740 2094 841 2160 veluti
876 2092 1113 2177 degustaverint

232 2198 323 2276 Quae
351 2207 386 2264 nt
415 2199 530 2264 melino
546 2199 794 2282 intelligentur,
831 2205 969 2265 statuam
1001 2218 1111 2270 erem·

229 2302 317 2385 plum
341 2304 374 2368 io
395 2302 742 2370 oratione-Dominiec.

279 2408 372 2502 Potor
404 2414 511 2477 meter
538 2413 591 2493 cci
621 2428 655 2476 ec
682 2413 716 2476 ic
743 2412 848 2477 coelic.
897 2409 984 2478 Vere
1018 2410 1113 2477 Polcr

233 2517 356 2578 coelo:
382 2519 414 2577 tu
443 2514 527 2578 enim
550 2531 610 2579 noe
634 2534 675 2578 ex
699 2513 799 2578 nihilo
823 2514 865 2579 ad
888 2514 1058 2597 imaginem
1076 2521 1114 2581 vel

231 2617 474 2686 similitudinem
497 2627 584 2684 tuom
606 2619 838 2702 benignissime
860 2619 1051 2697 condidisti,
1078 2627 1113 2683 tn
1244 2680 1246 2683 .

230 2723 347 2808 lopeos
367 2724 398 2787 in
412 2730 583 2806 peccatum
597 2726 638 2788 nb
662 2730 795 2789 aeterna
810 2730 914 2788 morte
936 2722 1112 2805 redemisti,

229 2838 266 2896 tn
287 2846 347 2894 noe
365 2828 402 2892 in
419 2825 506 2892 lilios
524 2826 700 2909 adoptasti,
723 2834 757 2892 tu
772 2826 899 2909 Spiritu
922 2835 977 2893 tno
992 2829 1113 2894 sancti-

230 2933 354 3016 ficasti,
371 2939 406 2999 tn
424 2931 470 2997 od
489 2930 665 2996 coelestem
688 2930 901 2997 hereditatem
919 2933 1058 3013 vocasti,
1078 2936 1113 2996 et

230 3035 440 3124 providentio
459 3040 597 3119 paterne
625 3054 686 3102 noe
711 3036 754 3101 ad
785 3036 873 3101 illnrn
895 3036 1019 3120 dirigis.
1064 3035 1113 3102 'ln

228 3149 324 3227 peter
341 3148 465 3219 noster,
487 3148 618 3210 creator
631 3147 755 3224 noster,
778 3140 968 3224 redemptor
990 3146 1112 3223 noster,

230 3245 453 3315 ennctilicntor
473 3252 594 3327 noster,
616 3244 762 3312 director
780 3251 899 3322 noster,
923 3253 956 3310 et
975 3244 1112 3327 largitor

229 3354 386 3417 bonorum
424 3350 570 3418 omniunt.
623 3349 715 3417 llaec
752 3350 859 3416 omnin
900 3351 964 3415 hec
1003 3349 1112 3417 Patrie

228 3454 448 3541 appellatione
481 3454 809 3537 comprehenduntur.
853 3452 1112 3528 Convenit-hoc.
