2817 4317
665 605 854 689 nascente.

560 739 618 804 Ad
637 741 750 808 ,Deam
771 748 983 803 creatorem..

531 871 572 926 ux
591 871 638 927 iun.
657 841 682 929 ess
699 874 732 927 m
749 872 862 943 rasta.
880 888 940 943 ap.
959 874 986 930 5.

323 1014 324 1019 ’
360 1003 386 1087 0
410 1020 505 1084 quam
528 1001 639 1066 suavis
659 1008 692 1065 et
714 1000 875 1081 benignus
898 1009 960 1080 est,
985 997 1146 1083 Homine,
1178 1004 1202 1065 in

317 1125 442 1172 omnem
466 1112 647 1168 ereaturam
667 1103 802 1187 spiritus
818 1107 913 1168 tuus!
958 1105 1007 1169 Tu
1023 1108 1113 1171 enim
1140 1126 1203 1172 uun

320 1210 436 1273 nullius
468 1209 649 1290 indigeres,
693 1208 751 1273 tibi
791 1208 865 1290 ipse
900 1201 1204 1289 s'uffiuieutissimus,

318 1312 486 1392 ornniaex
503 1311 602 1375 nihilo
620 1312 812 1392 condidisti,
834 1319 870 1375 nt
888 1313 1042 1394 singulis,
1065 1334 1133 1398 pro
1156 1335 1205 1381 ua·

318 1424 375 1500 ptu
397 1415 566 1499 eujusque,
588 1417 741 1479 bonitatis
757 1424 831 1479 tuae
847 1416 1060 1496 dulcedinem,
1087 1429 1124 1482 et
1139 1419 1204 1504 pul·
1249 1451 1250 1463 κ

319 1521 509 1586 uhritudinis
526 1528 601 1585 tuae
615 1521 779 1603 specimen
796 1520 987 1603 impertires.
1012 1522 1100 1597 ‘Non
1122 1543 1204 1590 eun·

321 1624 405 1690 modi
430 1627 485 1689 aut
506 1625 656 1689 utilitatis
686 1633 760 1688 tuae
784 1642 884 1689 eausa
914 1643 954 1687 ea
984 1626 1120 1706 leuisti‚
1152 1626 1206 1689 sed

205 1777 208 1782 -
318 1738 354 1794 nt
376 1729 457 1814 ipsis
481 1736 570 1792 esset
593 1731 697 1809 bene„
721 1735 755 1792 ut
778 1729 850 1812 ipsa
882 1747 943 1811 pro
975 1730 1116 1795 modulo
1151 1750 1207 1795 suu

318 1834 359 1918 da
398 1834 492 1907 bonis
525 1833 588 1895 tuis
626 1832 883 1917 participarant,
915 1840 955 1897 et
991 1835 1206 1917 benignitatis

317 1947 393 2004 tuae
416 1926 753 2022 gustarent'fruetum.
831 1960 834 1967 ·

361 2043 476 2125 ltaque
512 2062 532 2106 a
574 2050 606 2106 te
644 2043 751 2106 omnia
789 2063 829 2106 ex
868 2045 989 2127 abysso
1026 2044 1078 2109 sni
1120 2047 1208 2111 nihili

317 2148 517 2226 excitantur,
546 2146 712 2231 aeeipiunt
733 2168 810 2212 esse
833 2150 918 2213 adeo
941 2132 1094 2214 ¹amnibus
1119 2171 1208 2216 ama·

318 2253 393 2331 bile,
421 2251 582 2334 autipiunt
614 2252 758 2334 speeiem
781 2260 815 2316 et
838 2254 1126 2337 pulnhritudinem,
1150 2276 1208 2341 ap·

318 2355 452 2440 petitum
477 2356 550 2419 boni
573 2363 607 2419 et
630 2356 740 2437 fugam
774 2356 865 2437 mali,
898 2357 987 2421 vires
1024 2365 1057 2421 et
1091 2359 1208 2425 functi·

312 2478 420 2540 unes,
452 2459 588 2542 impetus
617 2468 649 2524 et
684 2460 819 2542 modus,
852 2461 945 2525 situm
977 2468 1010 2523 et
1046 2463 1208 2543 ordinem,

320 2564 553 2647 perfectionem
586 2573 619 2628 et
642 2565 819 2629 terminum.
869 2564 1015 2647 Singulis
1038 2566 1128 2631 enim
1151 2567 1207 2633 do·

320 2691 393 2749 nas,
417 2671 502 2753 quud
526 2670 642 2753 unique
662 2670 860 2736 commodum
880 2677 914 2733 et
928 2667 1080 2735 amabile.
1127 2668 1207 2735 Ani·

322 2761 482 2860 mantibus
510 2776 605 2839 etiam
629 2794 760 2839 sensum
783 2774 858 2840 boni
888 2781 922 2836 at
939 2772 1079 2857 juuuudi
1103 2776 1207 2840 multi·

319 2880 435 2964 pliuem
450 2879 582 2961 largiris
605 2861 639 2943 et
662 2879 870 2945 beatitudinis
886 2878 1043 2959 quandam
1060 2883 1205 2946 umbram

320 2992 354 3048 et
376 2990 550 3048 extremam
571 2983 799 3048 resonantiam.
1156 2986 1158 2990 ’

363 3087 444 3152 Hine
475 3090 581 3151 omnia
617 3094 649 3150 te
683 3086 1031 3168 laudant‚1tauitisque
1066 3092 1205 3157 vouibus

318 3193 372 3256 tibi
405 3210 535 3257 sacrum
569 3192 721 3276 hymnum
750 3197 911 3275 pangunt,
943 3209 1008 3274 quo
1031 3200 1123 3260 tunm
1148 3216 1205 3281 pu·

315 3297 462 3379 tentiam,
476 3296 678 3381 sapientium,
705 3297 890 3377 bonitatem,
913 3303 946 3360 et
961 3299 1205 3380 providentium
