<?xml version="1.0" encoding="UTF-8"?>
<!DOCTYPE html PUBLIC "-//W3C//DTD XHTML 1.0 Transitional//EN"
    "http://www.w3.org/TR/xhtml1/DTD/xhtml1-transitional.dtd">
<html xmlns="http://www.w3.org/1999/xhtml" xml:lang="en" lang="en">
 <head>
  <title>
</title>
<meta http-equiv="Content-Type" content="text/html;charset=utf-8" />
  <meta name='ocr-system' content='tesseract 3.04.00' />
  <meta name='ocr-capabilities' content='ocr_page ocr_carea ocr_par ocr_line ocrx_word'/>
</head>
<body>
  <div class='ocr_page' id='page_1' title='image "./leonardilessiio00lessgoog_0143.png"; bbox 0 0 2817 4317; ppageno 0'>
   <div class='ocr_carea' id='block_1_1' title="bbox 263 582 323 646">
    <p class='ocr_par' dir='ltr' id='par_1_1' title="bbox 263 582 323 646">
     <span class='ocr_line' id='line_1_1' title="bbox 263 582 323 646; baseline -0.017 0"><span class='ocrx_word' id='word_1_1' title='bbox 263 582 323 646; x_wconf 74' lang='lat'><strong>142</strong></span> 
     </span>
    </p>
   </div>
   <div class='ocr_carea' id='block_1_2' title="bbox 260 770 1102 1375">
    <p class='ocr_par' dir='ltr' id='par_1_2' title="bbox 260 770 1102 1375">
     <span class='ocr_line' id='line_1_2' title="bbox 261 770 1102 854; baseline 0 -19"><span class='ocrx_word' id='word_1_2' title='bbox 261 772 349 835; x_wconf 86' lang='lat' dir='ltr'><strong>stitia</strong></span> <span class='ocrx_word' id='word_1_3' title='bbox 373 770 554 835; x_wconf 77' lang='lat' dir='ltr'><strong>certissime</strong></span> <span class='ocrx_word' id='word_1_4' title='bbox 570 773 774 852; x_wconf 84' lang='lat' dir='ltr'><strong>obtinebunt3</strong></span> <span class='ocrx_word' id='word_1_5' title='bbox 798 791 861 854; x_wconf 85' lang='lat' dir='ltr'><strong>qun</strong></span> <span class='ocrx_word' id='word_1_6' title='bbox 881 773 1005 836; x_wconf 86' lang='lat' dir='ltr'><strong>auxilio</strong></span> <span class='ocrx_word' id='word_1_7' title='bbox 1031 774 1102 837; x_wconf 78' lang='lat' dir='ltr'><strong>oble</strong></span> 
     </span>
     <span class='ocr_line' id='line_1_3' title="bbox 261 877 1102 959; baseline -0.006 -16"><span class='ocrx_word' id='word_1_8' title='bbox 261 888 305 959; x_wconf 86' lang='lat' dir='ltr'><strong>to,</strong></span> <span class='ocrx_word' id='word_1_9' title='bbox 329 877 430 941; x_wconf 88' lang='lat' dir='ltr'><strong>sulum</strong></span> <span class='ocrx_word' id='word_1_10' title='bbox 452 886 600 959; x_wconf 84' lang='lat' dir='ltr'>superest</span> <span class='ocrx_word' id='word_1_11' title='bbox 625 887 658 941; x_wconf 91' lang='lat' dir='ltr'><strong>ut</strong></span> <span class='ocrx_word' id='word_1_12' title='bbox 680 879 739 941; x_wconf 83' lang='lat' dir='ltr'><strong>illu</strong></span> <span class='ocrx_word' id='word_1_13' title='bbox 761 887 904 956; x_wconf 83' lang='lat' dir='ltr'><strong>utantur,</strong></span> <span class='ocrx_word' id='word_1_14' title='bbox 937 878 1039 957; x_wconf 86' lang='lat' dir='ltr'><strong>eique</strong></span> <span class='ocrx_word' id='word_1_15' title='bbox 1063 879 1102 939; x_wconf 82' lang='lat' dir='ltr'><strong>sil</strong></span> 
     </span>
     <span class='ocr_line' id='line_1_4' title="bbox 260 980 1102 1065; baseline 0 -19"><span class='ocrx_word' id='word_1_16' title='bbox 260 1002 320 1065; x_wconf 86' lang='lat' dir='ltr'><strong>par</strong></span> <span class='ocrx_word' id='word_1_17' title='bbox 343 980 401 1061; x_wconf 71' lang='lat' dir='ltr'><strong>est,</strong></span> <span class='ocrx_word' id='word_1_18' title='bbox 426 990 458 1043; x_wconf 86' lang='lat' dir='ltr'><strong>et</strong></span> <span class='ocrx_word' id='word_1_19' title='bbox 479 982 575 1046; x_wconf 84' lang='lat' dir='ltr'><strong>facile</strong></span> <span class='ocrx_word' id='word_1_20' title='bbox 593 992 739 1063; x_wconf 82' lang='lat' dir='ltr'><strong>possunt,</strong></span> <span class='ocrx_word' id='word_1_21' title='bbox 764 990 993 1063; x_wconf 75' lang='lat' dir='ltr'><strong>cooperentur,</strong></span> <span class='ocrx_word' id='word_1_22' title='bbox 1030 984 1102 1062; x_wconf 72' lang='lat' dir='ltr'><strong>lupi</strong></span> 
     </span>
     <span class='ocr_line' id='line_1_5' title="bbox 261 1087 1102 1169; baseline -0.001 -19"><span class='ocrx_word' id='word_1_23' title='bbox 261 1090 446 1150; x_wconf 74' lang='lat' dir='ltr'><strong>eniminum</strong></span> <span class='ocrx_word' id='word_1_24' title='bbox 470 1101 566 1149; x_wconf 83' lang='lat' dir='ltr'><strong>suave</strong></span> <span class='ocrx_word' id='word_1_25' title='bbox 588 1092 639 1162; x_wconf 82' lang='lat' dir='ltr'><strong>est,</strong></span> <span class='ocrx_word' id='word_1_26' title='bbox 658 1092 687 1149; x_wconf 87' lang='lat' dir='ltr'><strong>et</strong></span> <span class='ocrx_word' id='word_1_27' title='bbox 708 1103 786 1149; x_wconf 81' lang='lat' dir='ltr'><strong>onus</strong></span> <span class='ocrx_word' id='word_1_28' title='bbox 808 1087 890 1160; x_wconf 61' lang='lat' dir='ltr'><strong>leue·</strong></span> <span class='ocrx_word' id='word_1_29' title='bbox 914 1094 948 1149; x_wconf 89' lang='lat' dir='ltr'><strong>et</strong></span> <span class='ocrx_word' id='word_1_30' title='bbox 971 1106 1061 1168; x_wconf 81' lang='lat' dir='ltr'><strong>quas</strong></span> <span class='ocrx_word' id='word_1_31' title='bbox 1085 1108 1102 1169; x_wconf 89' lang='lat' dir='ltr'><strong>p</strong></span> 
     </span>
     <span class='ocr_line' id='line_1_6' title="bbox 261 1189 1102 1273; baseline -0.002 -21"><span class='ocrx_word' id='word_1_32' title='bbox 261 1209 298 1252; x_wconf 85' lang='lat' dir='ltr'><strong>se</strong></span> <span class='ocrx_word' id='word_1_33' title='bbox 321 1190 410 1254; x_wconf 84' lang='lat' dir='ltr'><strong>narni</strong></span> <span class='ocrx_word' id='word_1_34' title='bbox 433 1189 666 1252; x_wconf 84' lang='lat' dir='ltr'><strong>molesta·sunt</strong></span> <span class='ocrx_word' id='word_1_35' title='bbox 689 1197 722 1250; x_wconf 86' lang='lat' dir='ltr'><strong>et</strong></span> <span class='ocrx_word' id='word_1_36' title='bbox 744 1189 898 1267; x_wconf 87' lang='lat' dir='ltr'><strong>diffieilia,</strong></span> <span class='ocrx_word' id='word_1_37' title='bbox 922 1192 1102 1273; x_wconf 14' lang='lat' dir='ltr'><strong>peragrati:</strong></span> 
     </span>
     <span class='ocr_line' id='line_1_7' title="bbox 261 1287 845 1375; baseline 0 -19"><span class='ocrx_word' id='word_1_38' title='bbox 261 1300 345 1358; x_wconf 86' lang='lat' dir='ltr'><strong>tuam</strong></span> <span class='ocrx_word' id='word_1_39' title='bbox 369 1294 483 1357; x_wconf 87' lang='lat' dir='ltr'><strong>suavia</strong></span> <span class='ocrx_word' id='word_1_40' title='bbox 506 1299 629 1356; x_wconf 89' lang='lat' dir='ltr'><strong>suntet</strong></span> <span class='ocrx_word' id='word_1_41' title='bbox 653 1294 816 1375; x_wconf 79' lang='lat' dir='ltr'><strong>expedita.</strong></span> <span class='ocrx_word' id='word_1_42' title='bbox 843 1287 845 1290; x_wconf 66' lang='grc'><strong>’</strong></span> 
     </span>
    </p>
   </div>
   <div class='ocr_carea' id='block_1_3' title="bbox 436 1522 992 1619">
    <p class='ocr_par' dir='ltr' id='par_1_3' title="bbox 436 1522 992 1619">
     <span class='ocr_line' id='line_1_8' title="bbox 436 1522 992 1619; baseline 0 -22"><span class='ocrx_word' id='word_1_43' title='bbox 436 1522 438 1528; x_wconf 85' lang='grc'><strong>’</strong></span> <span class='ocrx_word' id='word_1_44' title='bbox 552 1537 805 1598; x_wconf 75' lang='lat' dir='ltr'><strong>uuusrnueluu</strong></span> <span class='ocrx_word' id='word_1_45' title='bbox 824 1538 852 1597; x_wconf 89' lang='lat' dir='ltr'><strong>n.</strong></span> <span class='ocrx_word' id='word_1_46' title='bbox 885 1572 904 1613; x_wconf 73' lang='lat'>4</span> <span class='ocrx_word' id='word_1_47' title='bbox 989 1613 992 1619; x_wconf 70' lang='lat'><em>,</em></span> 
     </span>
    </p>
   </div>
   <div class='ocr_carea' id='block_1_4' title="bbox 401 1676 960 1769">
    <p class='ocr_par' dir='ltr' id='par_1_4' title="bbox 401 1676 960 1769">
     <span class='ocr_line' id='line_1_9' title="bbox 401 1676 960 1769; baseline -0.002 -29"><span class='ocrx_word' id='word_1_48' title='bbox 401 1735 402 1740; x_wconf 75' lang='grc'>,</span> <span class='ocrx_word' id='word_1_49' title='bbox 449 1676 495 1740; x_wconf 84' lang='lat' dir='ltr'><strong>lle</strong></span> <span class='ocrx_word' id='word_1_50' title='bbox 515 1676 581 1741; x_wconf 81' lang='lat' dir='ltr'><strong>lieo</strong></span> <span class='ocrx_word' id='word_1_51' title='bbox 604 1676 813 1761; x_wconf 64' lang='lat' dir='ltr'><strong>illuminatore</strong></span> <span class='ocrx_word' id='word_1_52' title='bbox 835 1680 864 1740; x_wconf 88' lang='lat' dir='ltr'><strong>el</strong></span> <span class='ocrx_word' id='word_1_53' title='bbox 885 1676 960 1769; x_wconf 69' lang='lat' dir='ltr'><strong>luae.</strong></span> 
     </span>
    </p>
   </div>
   <div class='ocr_carea' id='block_1_5' title="bbox 251 1813 1102 3554">
    <p class='ocr_par' dir='ltr' id='par_1_5' title="bbox 264 1813 1102 2414">
     <span class='ocr_line' id='line_1_10' title="bbox 306 1813 1102 1899; baseline 0.003 -22"><span class='ocrx_word' id='word_1_54' title='bbox 306 1813 504 1878; x_wconf 79' lang='lat' dir='ltr'><strong>illuminator</strong></span> <span class='ocrx_word' id='word_1_55' title='bbox 526 1814 661 1891; x_wconf 87' lang='lat' dir='ltr'><strong>dieitur,</strong></span> <span class='ocrx_word' id='word_1_56' title='bbox 685 1815 762 1895; x_wconf 84' lang='lat' dir='ltr'><strong>quia</strong></span> <span class='ocrx_word' id='word_1_57' title='bbox 786 1833 879 1877; x_wconf 87' lang='lat' dir='ltr'><strong>omne</strong></span> <span class='ocrx_word' id='word_1_58' title='bbox 904 1813 1012 1876; x_wconf 85' lang='lat' dir='ltr'><strong>lumen</strong></span> <span class='ocrx_word' id='word_1_59' title='bbox 1029 1834 1102 1899; x_wconf 67' lang='lat' dir='ltr'><strong>eurr</strong></span> 
     </span>
     <span class='ocr_line' id='line_1_11' title="bbox 264 1916 1101 1999; baseline 0.005 -19"><span class='ocrx_word' id='word_1_60' title='bbox 264 1917 332 1980; x_wconf 88' lang='lat' dir='ltr'><strong>rale</strong></span> <span class='ocrx_word' id='word_1_61' title='bbox 356 1923 389 1979; x_wconf 86' lang='lat' dir='ltr'><strong>et</strong></span> <span class='ocrx_word' id='word_1_62' title='bbox 403 1916 550 1998; x_wconf 86' lang='lat' dir='ltr'><strong>spiritale</strong></span> <span class='ocrx_word' id='word_1_63' title='bbox 566 1919 605 1979; x_wconf 87' lang='lat' dir='ltr'><strong>ab</strong></span> <span class='ocrx_word' id='word_1_64' title='bbox 622 1917 695 1998; x_wconf 88' lang='lat' dir='ltr'><strong>ipso</strong></span> <span class='ocrx_word' id='word_1_65' title='bbox 713 1924 782 1980; x_wconf 87' lang='lat' dir='ltr'><strong>est:</strong></span> <span class='ocrx_word' id='word_1_66' title='bbox 805 1917 876 1999; x_wconf 86' lang='lat' dir='ltr'><strong>ipse</strong></span> <span class='ocrx_word' id='word_1_67' title='bbox 890 1916 979 1981; x_wconf 86' lang='lat' dir='ltr'><strong>hune</strong></span> <span class='ocrx_word' id='word_1_68' title='bbox 999 1920 1101 1985; x_wconf 88' lang='lat' dir='ltr'><strong>mund</strong></span> 
     </span>
     <span class='ocr_line' id='line_1_12' title="bbox 264 2014 1102 2105; baseline 0.004 -19"><span class='ocrx_word' id='word_1_69' title='bbox 264 2014 469 2104; x_wconf 75' lang='lat' dir='ltr'><strong>purpureum,</strong></span> <span class='ocrx_word' id='word_1_70' title='bbox 502 2020 556 2102; x_wconf 85' lang='lat' dir='ltr'><strong>qui</strong></span> <span class='ocrx_word' id='word_1_71' title='bbox 580 2028 675 2083; x_wconf 84' lang='lat' dir='ltr'><strong>antea</strong></span> <span class='ocrx_word' id='word_1_72' title='bbox 699 2020 730 2081; x_wconf 90' lang='lat' dir='ltr'><strong>in</strong></span> <span class='ocrx_word' id='word_1_73' title='bbox 754 2020 899 2083; x_wconf 88' lang='lat' dir='ltr'><strong>tenebris</strong></span> <span class='ocrx_word' id='word_1_74' title='bbox 923 2028 1008 2103; x_wconf 87' lang='lat' dir='ltr'><strong>erat,</strong></span> <span class='ocrx_word' id='word_1_75' title='bbox 1032 2044 1102 2105; x_wconf 83' lang='lat' dir='ltr'><strong>gra·</strong></span> 
     </span>
     <span class='ocr_line' id='line_1_13' title="bbox 265 2124 1101 2207; baseline 0.006 -18"><span class='ocrx_word' id='word_1_76' title='bbox 265 2127 346 2190; x_wconf 88' lang='lat' dir='ltr'><strong>sima</strong></span> <span class='ocrx_word' id='word_1_77' title='bbox 370 2132 402 2188; x_wconf 90' lang='lat' dir='ltr'><strong>et</strong></span> <span class='ocrx_word' id='word_1_78' title='bbox 425 2124 651 2207; x_wconf 76' lang='lat' dir='ltr'><strong>copiosissima</strong></span> <span class='ocrx_word' id='word_1_79' title='bbox 675 2125 757 2202; x_wconf 82' lang='lat' dir='ltr'><strong>lune,</strong></span> <span class='ocrx_word' id='word_1_80' title='bbox 780 2144 844 2206; x_wconf 88' lang='lat' dir='ltr'><strong>qua</strong></span> <span class='ocrx_word' id='word_1_81' title='bbox 867 2126 974 2190; x_wconf 84' lang='lat' dir='ltr'><strong>omnia</strong></span> <span class='ocrx_word' id='word_1_82' title='bbox 1000 2147 1101 2194; x_wconf 86' lang='lat' dir='ltr'><strong>reore</strong></span> 
     </span>
     <span class='ocr_line' id='line_1_14' title="bbox 268 2228 1102 2319; baseline 0.01 -26"><span class='ocrx_word' id='word_1_83' title='bbox 268 2238 335 2309; x_wconf 88' lang='lat' dir='ltr'><strong>tur,</strong></span> <span class='ocrx_word' id='word_1_84' title='bbox 355 2228 509 2312; x_wconf 82' lang='lat' dir='ltr'><strong>perfudit.</strong></span> <span class='ocrx_word' id='word_1_85' title='bbox 542 2229 617 2313; x_wconf 90' lang='lat' dir='ltr'><strong>lpse</strong></span> <span class='ocrx_word' id='word_1_86' title='bbox 649 2246 760 2293; x_wconf 86' lang='lat' dir='ltr'><strong>omnes</strong></span> <span class='ocrx_word' id='word_1_87' title='bbox 780 2230 915 2312; x_wconf 87' lang='lat' dir='ltr'><strong>spiritus</strong></span> <span class='ocrx_word' id='word_1_88' title='bbox 939 2231 1015 2296; x_wconf 84' lang='lat' dir='ltr'><strong>lune</strong></span> <span class='ocrx_word' id='word_1_89' title='bbox 1041 2254 1102 2319; x_wconf 70' lang='lat' dir='ltr'><strong>eug</strong></span> 
     </span>
     <span class='ocr_line' id='line_1_15' title="bbox 264 2331 717 2414; baseline -0.004 -19"><span class='ocrx_word' id='word_1_90' title='bbox 264 2334 360 2396; x_wconf 88' lang='lat' dir='ltr'><strong>tionis</strong></span> <span class='ocrx_word' id='word_1_91' title='bbox 382 2332 538 2396; x_wconf 90' lang='lat' dir='ltr'><strong>naturalis</strong></span> <span class='ocrx_word' id='word_1_92' title='bbox 562 2331 717 2414; x_wconf 82' lang='lat' dir='ltr'><strong>implevit.</strong></span> 
     </span>
    </p>

    <p class='ocr_par' dir='ltr' id='par_1_6' title="bbox 251 2436 1102 3455">
     <span class='ocr_line' id='line_1_16' title="bbox 307 2436 1102 2519; baseline 0.004 -17"><span class='ocrx_word' id='word_1_93' title='bbox 307 2439 336 2502; x_wconf 83' lang='lat'><strong>2.</strong></span> <span class='ocrx_word' id='word_1_94' title='bbox 360 2436 441 2514; x_wconf 81' lang='lat' dir='ltr'><strong>Quia</strong></span> <span class='ocrx_word' id='word_1_95' title='bbox 464 2437 565 2501; x_wconf 83' lang='lat' dir='ltr'><strong>omnis</strong></span> <span class='ocrx_word' id='word_1_96' title='bbox 589 2436 736 2502; x_wconf 75' lang='lat' dir='ltr'><strong>doctrina</strong></span> <span class='ocrx_word' id='word_1_97' title='bbox 757 2437 1028 2519; x_wconf 85' lang='lat' dir='ltr'><strong>supernaturalis,</strong></span> <span class='ocrx_word' id='word_1_98' title='bbox 1051 2460 1102 2507; x_wconf 79' lang='lat' dir='ltr'><strong>ont</strong></span> 
     </span>
     <span class='ocr_line' id='line_1_17' title="bbox 264 2538 1069 2628; baseline 0 -22"><span class='ocrx_word' id='word_1_99' title='bbox 264 2541 408 2622; x_wconf 79' lang='lat' dir='ltr'><strong>cognitio</strong></span> <span class='ocrx_word' id='word_1_100' title='bbox 443 2548 476 2605; x_wconf 87' lang='lat' dir='ltr'><strong>et</strong></span> <span class='ocrx_word' id='word_1_101' title='bbox 505 2542 696 2622; x_wconf 81' lang='lat' dir='ltr'><strong>illustratio,</strong></span> <span class='ocrx_word' id='word_1_102' title='bbox 730 2560 793 2623; x_wconf 81' lang='lat' dir='ltr'><strong>qua</strong></span> <span class='ocrx_word' id='word_1_103' title='bbox 827 2542 880 2606; x_wconf 87' lang='lat' dir='ltr'><strong>vel</strong></span> <span class='ocrx_word' id='word_1_104' title='bbox 917 2538 1069 2628; x_wconf 81' lang='lat' dir='ltr'><strong>Angeli,</strong></span> 
     </span>
     <span class='ocr_line' id='line_1_18' title="bbox 264 2644 1102 2726; baseline 0 -19"><span class='ocrx_word' id='word_1_105' title='bbox 264 2646 409 2709; x_wconf 85' lang='lat' dir='ltr'><strong>homines</strong></span> <span class='ocrx_word' id='word_1_106' title='bbox 441 2645 664 2726; x_wconf 81' lang='lat' dir='ltr'><strong>disponuntur</strong></span> <span class='ocrx_word' id='word_1_107' title='bbox 681 2653 714 2708; x_wconf 89' lang='lat' dir='ltr'><strong>et</strong></span> <span class='ocrx_word' id='word_1_108' title='bbox 736 2644 907 2707; x_wconf 77' lang='lat' dir='ltr'><strong>elevantur</strong></span> <span class='ocrx_word' id='word_1_109' title='bbox 932 2644 978 2708; x_wconf 89' lang='lat' dir='ltr'><strong>ad</strong></span> <span class='ocrx_word' id='word_1_110' title='bbox 1002 2648 1102 2713; x_wconf 77' lang='lat' dir='ltr'><strong>salut·</strong></span> 
     </span>
     <span class='ocr_line' id='line_1_19' title="bbox 256 2735 1101 2831; baseline 0.006 -19"><span class='ocrx_word' id='word_1_111' title='bbox 256 2735 305 2812; x_wconf 82' lang='lat' dir='ltr'><strong>ex</strong></span> <span class='ocrx_word' id='word_1_112' title='bbox 337 2750 439 2830; x_wconf 88' lang='lat' dir='ltr'><strong>ipsius</strong></span> <span class='ocrx_word' id='word_1_113' title='bbox 473 2748 709 2831; x_wconf 86' lang='lat' dir='ltr'><strong>benignissima</strong></span> <span class='ocrx_word' id='word_1_114' title='bbox 739 2748 942 2812; x_wconf 77' lang='lat' dir='ltr'><strong>revelatione</strong></span> <span class='ocrx_word' id='word_1_115' title='bbox 968 2748 1101 2816; x_wconf 84' lang='lat' dir='ltr'>descen</span> 
     </span>
     <span class='ocr_line' id='line_1_20' title="bbox 264 2853 1102 2938; baseline 0.007 -21"><span class='ocrx_word' id='word_1_116' title='bbox 264 2854 339 2938; x_wconf 83' lang='lat' dir='ltr'><strong>lpse</strong></span> <span class='ocrx_word' id='word_1_117' title='bbox 369 2854 458 2918; x_wconf 90' lang='lat' dir='ltr'><strong>solus</strong></span> <span class='ocrx_word' id='word_1_118' title='bbox 486 2855 590 2935; x_wconf 88' lang='lat' dir='ltr'><strong>potnit</strong></span> <span class='ocrx_word' id='word_1_119' title='bbox 617 2854 709 2918; x_wconf 90' lang='lat' dir='ltr'><strong>nubis</strong></span> <span class='ocrx_word' id='word_1_120' title='bbox 738 2853 891 2916; x_wconf 85' lang='lat' dir='ltr'><strong>revelare</strong></span> <span class='ocrx_word' id='word_1_121' title='bbox 923 2856 1102 2923; x_wconf 86' lang='lat' dir='ltr'><strong>eonsilium</strong></span> 
     </span>
     <span class='ocr_line' id='line_1_21' title="bbox 265 2959 1062 3040; baseline 0.001 -18"><span class='ocrx_word' id='word_1_122' title='bbox 265 2959 430 3023; x_wconf 85' lang='lat' dir='ltr'><strong>decretum</strong></span> <span class='ocrx_word' id='word_1_123' title='bbox 462 2978 569 3035; x_wconf 84' lang='lat' dir='ltr'><strong>suum,</strong></span> <span class='ocrx_word' id='word_1_124' title='bbox 601 2976 664 3040; x_wconf 90' lang='lat' dir='ltr'><strong>quo</strong></span> <span class='ocrx_word' id='word_1_125' title='bbox 696 2959 736 3021; x_wconf 89' lang='lat' dir='ltr'><strong>ab</strong></span> <span class='ocrx_word' id='word_1_126' title='bbox 770 2964 902 3019; x_wconf 85' lang='lat' dir='ltr'><strong>aeterne</strong></span> <span class='ocrx_word' id='word_1_127' title='bbox 938 2960 1062 3023; x_wconf 80' lang='lat' dir='ltr'><strong>statuit</strong></span> 
     </span>
     <span class='ocr_line' id='line_1_22' title="bbox 251 3060 1102 3145; baseline 0.002 -18"><span class='ocrx_word' id='word_1_128' title='bbox 251 3065 372 3127; x_wconf 76' lang='lat' dir='ltr'><strong>lacere</strong></span> <span class='ocrx_word' id='word_1_129' title='bbox 394 3061 571 3145; x_wconf 80' lang='lat' dir='ltr'><strong>participes</strong></span> <span class='ocrx_word' id='word_1_130' title='bbox 596 3060 721 3142; x_wconf 82' lang='lat' dir='ltr'><strong>gloriae</strong></span> <span class='ocrx_word' id='word_1_131' title='bbox 751 3078 844 3139; x_wconf 86' lang='lat' dir='ltr'><strong>suae,</strong></span> <span class='ocrx_word' id='word_1_132' title='bbox 878 3067 912 3123; x_wconf 89' lang='lat' dir='ltr'><strong>et</strong></span> <span class='ocrx_word' id='word_1_133' title='bbox 945 3064 1102 3143; x_wconf 79' lang='lat' dir='ltr'><strong>quibus·</strong></span> 
     </span>
     <span class='ocr_line' id='line_1_23' title="bbox 263 3164 1102 3246; baseline 0.005 -17"><span class='ocrx_word' id='word_1_134' title='bbox 263 3186 303 3230; x_wconf 87' lang='lat' dir='ltr'><strong>ae</strong></span> <span class='ocrx_word' id='word_1_135' title='bbox 325 3165 439 3229; x_wconf 87' lang='lat' dir='ltr'><strong>mediis</strong></span> <span class='ocrx_word' id='word_1_136' title='bbox 463 3164 506 3228; x_wconf 90' lang='lat' dir='ltr'><strong>ad</strong></span> <span class='ocrx_word' id='word_1_137' title='bbox 528 3165 614 3227; x_wconf 86' lang='lat' dir='ltr'><strong>illam</strong></span> <span class='ocrx_word' id='word_1_138' title='bbox 638 3166 730 3230; x_wconf 89' lang='lat' dir='ltr'><strong>nubis</strong></span> <span class='ocrx_word' id='word_1_139' title='bbox 759 3171 847 3228; x_wconf 86' lang='lat' dir='ltr'><strong>esset</strong></span> <span class='ocrx_word' id='word_1_140' title='bbox 879 3168 1102 3246; x_wconf 77' lang='lat' dir='ltr'><strong>perveniendi</strong></span> 
     </span>
     <span class='ocr_line' id='line_1_24' title="bbox 262 3267 1075 3355; baseline 0.002 -20"><span class='ocrx_word' id='word_1_141' title='bbox 262 3269 343 3335; x_wconf 89' lang='lat' dir='ltr'><strong>Sine</strong></span> <span class='ocrx_word' id='word_1_142' title='bbox 365 3271 427 3334; x_wconf 82' lang='lat' dir='ltr'><strong>hae</strong></span> <span class='ocrx_word' id='word_1_143' title='bbox 449 3269 522 3333; x_wconf 81' lang='lat' dir='ltr'><strong>luce</strong></span> <span class='ocrx_word' id='word_1_144' title='bbox 542 3287 653 3333; x_wconf 88' lang='lat' dir='ltr'><strong>omues</strong></span> <span class='ocrx_word' id='word_1_145' title='bbox 677 3288 822 3333; x_wconf 87' lang='lat' dir='ltr'><strong>essemus</strong></span> <span class='ocrx_word' id='word_1_146' title='bbox 845 3267 877 3329; x_wconf 89' lang='lat' dir='ltr'><strong>in</strong></span> <span class='ocrx_word' id='word_1_147' title='bbox 902 3273 1075 3355; x_wconf 86' lang='lat' dir='ltr'><strong>tenebris,</strong></span> 
     </span>
     <span class='ocr_line' id='line_1_25' title="bbox 265 3373 854 3455; baseline -0.007 -16"><span class='ocrx_word' id='word_1_148' title='bbox 265 3382 419 3444; x_wconf 81' lang='lat' dir='ltr'><strong>perantes</strong></span> <span class='ocrx_word' id='word_1_149' title='bbox 442 3381 475 3435; x_wconf 86' lang='lat' dir='ltr'><strong>et</strong></span> <span class='ocrx_word' id='word_1_150' title='bbox 498 3373 592 3455; x_wconf 88' lang='lat' dir='ltr'><strong>viam,</strong></span> <span class='ocrx_word' id='word_1_151' title='bbox 616 3383 649 3437; x_wconf 86' lang='lat' dir='ltr'><strong>et</strong></span> <span class='ocrx_word' id='word_1_152' title='bbox 672 3376 854 3438; x_wconf 87' lang='lat' dir='ltr'><strong>terminum.</strong></span> 
     </span>
    </p>

    <p class='ocr_par' dir='ltr' id='par_1_7' title="bbox 308 3477 1091 3554">
     <span class='ocr_line' id='line_1_26' title="bbox 308 3477 1091 3554; baseline 0.011 -14"><span class='ocrx_word' id='word_1_153' title='bbox 308 3477 336 3541; x_wconf 89' lang='lat'><strong>3.</strong></span> <span class='ocrx_word' id='word_1_154' title='bbox 362 3478 442 3554; x_wconf 80' lang='lat' dir='ltr'><strong>Quia</strong></span> <span class='ocrx_word' id='word_1_155' title='bbox 479 3496 590 3542; x_wconf 86' lang='lat' dir='ltr'><strong>omnes</strong></span> <span class='ocrx_word' id='word_1_156' title='bbox 629 3480 660 3542; x_wconf 91' lang='lat' dir='ltr'><strong>in</strong></span> <span class='ocrx_word' id='word_1_157' title='bbox 704 3477 847 3541; x_wconf 84' lang='lat' dir='ltr'><strong>tenebris</strong></span> <span class='ocrx_word' id='word_1_158' title='bbox 865 3537 869 3542; x_wconf 85' lang='lat'><em>.</em></span> <span class='ocrx_word' id='word_1_159' title='bbox 888 3478 1091 3549; x_wconf 74' lang='lat' dir='ltr'><strong>afflictionis</strong></span> 
     </span>
    </p>
   </div>
   <div class='ocr_carea' id='block_1_6' title="bbox 0 0 1414 4317">
    <p class='ocr_par' dir='ltr' id='par_1_8' title="bbox 0 0 1414 4317">
     <span class='ocr_line' id='line_1_27' title="bbox 0 0 1414 4317; baseline 0 0"><span class='ocrx_word' id='word_1_160' title='bbox 0 0 1414 4317; x_wconf 95' lang='lat' dir='ltr'><strong> </strong></span> 
     </span>
    </p>
   </div>
  </div>
 </body>
</html>
