2817 4317
271 529 311 597 14

314 724 457 790 Secundo
486 721 623 803 requirit
647 740 795 805 magnam
824 722 1034 786 attentionem
1063 721 1156 786 circa

272 848 402 895 censum
425 829 598 893 verborum
622 844 706 909 quae
725 827 977 909 pronuntiamus,
1000 843 1156 908 praeser-

272 936 329 1000 tim
351 953 422 1000 oum
438 933 590 1017 psalmos,
613 931 667 995 vel
691 931 774 995 alias
789 930 955 997 orationes
974 929 1042 1013 jam
1064 947 1155 994 com·

270 1038 398 1122 positas
422 1038 607 1101 recitamus.
643 1034 756 1117 ltaque
781 1034 888 1100 danda
911 1044 963 1098 est
983 1053 1095 1117 opera,
1119 1042 1156 1098 ut

269 1151 368 1210 antea
394 1143 496 1227 probe
519 1141 576 1214 illa
590 1140 817 1223 intelligamus,
840 1140 893 1204 vel
909 1141 995 1223 piam
1011 1140 1153 1224 aliquam

268 1247 395 1314 illorum
410 1246 656 1328 intelligentiam
674 1253 863 1330 perceptam
879 1245 1063 1311 habeamus.
1079 1244 1152 1311 Etsi

269 1350 354 1416 eninr
377 1350 431 1433 qui
453 1350 589 1414 renitent
615 1367 731 1431 preces
755 1349 940 1431 canonicas,
972 1358 1153 1433 praecepto

270 1454 441 1522 Ecclesiae
465 1454 683 1534 satisfaciant,
712 1461 746 1520 et
773 1455 868 1519 etiam
899 1472 982 1537 opus
1004 1456 1088 1538 pium
1110 1475 1154 1522 ac

269 1558 468 1626 meritorium
491 1565 669 1640 praestent,
692 1558 720 1621 si
743 1558 858 1622 saltem
882 1558 925 1622 ad
947 1559 1066 1640 Deum,
1098 1561 1151 1623 cui

267 1666 451 1747 loquuntur,
475 1664 588 1728 attenti
610 1664 686 1744 sint,
710 1669 744 1726 et
766 1681 836 1727 cum
851 1664 1036 1728 reverentia
1053 1682 1152 1728 sacra

267 1768 322 1833 illa
346 1769 446 1837 verba
470 1769 655 1850 proferant,
688 1768 836 1851 quamvis
868 1787 908 1832 ea
936 1786 1000 1832 non
1030 1767 1152 1832 intelli-

265 1879 361 1955 gant3
390 1873 487 1955 longe
523 1879 629 1937 tamen
664 1874 885 1956 praestantior
913 1874 1000 1936 foret
1032 1873 1152 1953 oratio,

264 1978 292 2042 si
323 1996 453 2042 sensum
490 1977 617 2043 illorum
649 1978 869 2061 perciperent,
898 1986 931 2041 et
961 1996 1003 2041 eo
1033 1978 1151 2059 spiritu

265 2101 329 2165 qno
350 2082 455 2165 primo
480 2090 637 2166 concepta
661 2089 694 2146 et
717 2082 850 2165 scripta,
874 2082 1010 2163 Deoque
1032 2081 1150 2147 aPro·

265 2187 365 2270 pheta
387 2194 463 2251 suut
477 2186 667 2265 decantata,
691 2186 885 2268 proferrent.

308 2294 482 2372 Tertio„ut
502 2310 656 2357 conemur
679 2290 710 2353 iu
739 2289 834 2354 nobis
858 2290 1012 2371 excitare,
1036 2297 1069 2354 et
1092 2291 1146 2354 in-.

263 2395 364 2461 duere
393 2396 467 2459 illos
499 2395 651 2477 affectus,
682 2409 765 2477 quos
802 2394 907 2458 oratio
941 2394 972 2458 in
1005 2395 1147 2477 singulis

262 2502 333 2566 suis
370 2502 517 2585 partibus
548 2502 666 2583 exigit,
704 2518 851 2582 querque
885 2500 950 2583 ipsi
989 2509 1148 2569 auctores

262 2607 357 2687 sacri,
381 2607 497 2671 etvini
520 2606 622 2669 sancti
646 2623 684 2670 ac
707 2603 874 2668 illuminati
893 2606 924 2670 iu
939 2604 1147 2672 decantando

262 2712 384 2779 sentire
422 2717 670 2778 consueverunt.
716 2708 811 2786 Quod
850 2717 886 2776 ut
922 2730 1147 2797 assequamur,

262 2815 397 2898 expedit
424 2834 487 2883 nou
516 2814 615 2879 valde
649 2815 748 2880 multa
777 2815 901 2881 orando
930 2816 1056 2899 legere,
1089 2829 1147 2886 aut

262 2920 418 3001 renitere,
440 2936 501 2984 nec
530 2920 694 2984 celeriter:
726 2918 798 2983 fieri
819 2920 902 2985 enim
932 2938 995 2984 nou
1022 2929 1145 3005 potest,

260 3031 296 3090 ut
317 3024 424 3088 oratio
452 3023 582 3088 muitum
613 3026 721 3108 sapiat
751 3024 877 3090 animae
906 3025 1032 3108 palato,
1063 3026 1141 3095 dum

262 3126 381 3196 cursim
416 3128 580 3193 transitur.
632 3128 722 3211 Opus
755 3139 806 3196 est
836 3128 947 3212 aliqua
980 3150 1072 3195 mora
1108 3133 1142 3198 iu

261 3230 509 3314 considerando,
532 3240 567 3298 ut
588 3235 724 3300 affectus
749 3234 924 3317 excitetur,
948 3238 1142 3319 praesertim

261 3336 375 3402 varius
402 3355 463 3421 pro
492 3339 650 3405 varietate
672 3339 843 3420 materiae,
872 3358 956 3421 qnae
983 3343 1139 3409 occurrit.

261 3440 402 3512 Difficile
433 3451 483 3507 est
512 3444 578 3508 hoc
612 3452 728 3509 exacte
760 3449 933 3528 praestare
963 3446 995 3509 in
1036 3446 1137 3529 longa
