2817 4317
265 574 308 644 92

266 764 539 853 participandum,
571 764 740 830 vivifioans
762 765 803 828 ad
827 764 1048 855 sentiendum,
1081 766 1149 831 affi-

262 873 351 937 oions
374 871 416 934 ad
440 870 673 953 appetendum,
713 871 853 934 dilatans
876 870 917 934 ad
940 871 1148 953 eapiendum,

261 974 448 1059 justificans
470 974 512 1038 ad
536 974 800 1058 promerendum,
821 975 1003 1040 aeeondons
1027 976 1073 1039 ad
1099 995 1148 1040 ze·

265 1079 341 1166 ium,
362 1078 542 1144 feoundans
566 1078 608 1142 ad
632 1080 780 1159 fnuotum,
805 1079 947 1162 dirigens
969 1078 1015 1143 ad
1036 1080 1148 1162 aequi·

196 1260 199 1263 Α
264 1188 373 1260 tatem,
391 1185 532 1247 formans
555 1181 596 1244 ad
613 1184 883 1266 benevolentiam,
905 1181 1086 1254 moderans
1109 1182 1149 1248 ad

263 1287 470 1370 sapientiam,
500 1289 657 1352 roborans
680 1286 724 1350 ad
745 1289 909 1365 virtutem,
939 1286 1086 1351 visitans
1109 1288 1147 1352 ad

264 1391 535 1473 consolationem,
557 1391 742 1457 illuminans
756 1391 798 1456 ad
812 1390 1057 1476 =oognitionem‚
1072 1413 1149 1476 per-

264 1502 401 1579 petuans
424 1495 467 1559 ad
491 1496 778 1573 immortalitatem,
811 1495 950 1579 impleus
971 1496 1016 1561 ad
1039 1497 1147 1567 felini·

266 1605 375 1679 tatem,
398 1600 603 1666 eirenmdans
618 1599 659 1665 ad
673 1601 887 1665 saturitatem.
930 1599 988 1664 Sic
1011 1620 1078 1667 nos
1096 1621 1148 1669 oo·

264 1720 365 1770 nonas
382 1703 413 1768 in
432 1704 655 1770 miserioordia
674 1712 708 1769 ot
725 1704 992 1783 miserationibus,
1015 1705 1070 1772 sio
1092 1728 1148 1774 un·

265 1806 362 1890 dique
384 1808 551 1874 benefieiis
575 1808 637 1874 tuis
659 1807 779 1891 imples
798 1815 832 1871 at
853 1808 969 1889 cingis,
988 1816 1025 1873 nt
1055 1814 1148 1879 nobie

267 1912 494 1994 benignitatem
532 1920 564 1977 et
601 1931 744 1977 amorem
781 1919 868 1975 tuum
906 1912 1080 1998 declares,
1101 1924 1148 1981 ›et

263 2014 307 2090 ad
327 2016 470 2080 vicissim
501 2017 670 2082 amandum
700 2017 844 2098 exoites,
873 2017 970 2081 donee
1003 2022 1147 2088 uiuamus

264 2125 434 2186 oeternum.

548 2346 803 2408 CONSIDERATIO
825 2350 855 2409 ΙΙ.

523 2482 569 2546 De
606 2481 671 2547 Deo
708 2490 887 2564 protectore.

306 2637 465 2727 Proiectae
497 2636 614 2701 dieitur
642 2637 666 2701 1.
691 2637 892 2720 Generatim,
919 2638 995 2720 quia
1018 2658 1148 2707 omnem

264 2749 408 2805 naturam
430 2747 573 2805 creatam
596 2751 773 2823 nonsonvat
794 2744 826 2807 in
850 2762 917 2806 sua.
932 2746 1069 2829 speeie,
1106 2751 1149 2813 in·

262 2846 430 2927 tegritata,
459 2851 491 2909 et
521 2848 607 2909 bono
629 2853 714 2911 statu
745 2854 879 2911 naturae
911 2858 1148 2931 consentaneo,

263 2955 296 3011 ot
317 2955 465 3030 qnantum
489 2949 647 3031 eujusque
670 2951 812 3016 oouditio
834 2952 907 3029 fert,
940 2958 1055 3017 tuetur
1080 2975 1148 3021 ean

262 3053 418 3134 anoxiis.

302 3158 333 3221 2.
357 3156 531 3241 Speeiatim
563 3157 678 3223 dioitnn
709 3165 863 3240 protector
892 3166 1051 3239 respaotu
1091 3164 1149 3229 ho·

262 3262 396 3341 minum,
429 3261 482 3342 qui
510 3261 639 3325 infinitis
670 3263 823 3345 perieulis
864 3271 896 3326 et
931 3263 1148 3333 incommodis

261 3374 335 3429 sunt
356 3364 505 3448 subjeeti.

306 3468 334 3535 1.
355 3468 436 3545 onia
450 3471 498 3534 ab
517 3470 690 3545 innumeris
713 3470 858 3552 poeoatis
881 3490 941 3535 nos
963 3477 1100 3560 tuetur,
1121 3479 1147 3543 iu
