<?xml version="1.0" encoding="UTF-8"?>
<!DOCTYPE html PUBLIC "-//W3C//DTD XHTML 1.0 Transitional//EN"
    "http://www.w3.org/TR/xhtml1/DTD/xhtml1-transitional.dtd">
<html xmlns="http://www.w3.org/1999/xhtml" xml:lang="en" lang="en">
 <head>
  <title>
</title>
<meta http-equiv="Content-Type" content="text/html;charset=utf-8" />
  <meta name='ocr-system' content='tesseract 3.04.00' />
  <meta name='ocr-capabilities' content='ocr_page ocr_carea ocr_par ocr_line ocrx_word'/>
</head>
<body>
  <div class='ocr_page' id='page_1' title='image "./leonardilessiio00lessgoog_0081.png"; bbox 0 0 2817 4317; ppageno 0'>
   <div class='ocr_carea' id='block_1_1' title="bbox 316 523 360 593">
    <p class='ocr_par' dir='ltr' id='par_1_1' title="bbox 316 523 360 593">
     <span class='ocr_line' id='line_1_1' title="bbox 316 523 360 593; baseline -0.045 0"><span class='ocrx_word' id='word_1_1' title='bbox 316 523 360 593; x_wconf 79' lang='lat'><strong>80</strong></span> 
     </span>
    </p>
   </div>
   <div class='ocr_carea' id='block_1_2' title="bbox 219 712 1213 3404">
    <p class='ocr_par' dir='ltr' id='par_1_2' title="bbox 303 712 1202 1308">
     <span class='ocr_line' id='line_1_2' title="bbox 321 712 1199 799; baseline 0.003 -19"><span class='ocrx_word' id='word_1_2' title='bbox 321 712 453 780; x_wconf 90' lang='lat' dir='ltr'><strong>diabolo</strong></span> <span class='ocrx_word' id='word_1_3' title='bbox 472 712 632 794; x_wconf 90' lang='lat' dir='ltr'><strong>liberans,</strong></span> <span class='ocrx_word' id='word_1_4' title='bbox 663 721 856 796; x_wconf 87' lang='lat' dir='ltr'><strong>peccatores</strong></span> <span class='ocrx_word' id='word_1_5' title='bbox 877 714 1076 799; x_wconf 83' lang='lat' dir='ltr'><strong>justificans,</strong></span> <span class='ocrx_word' id='word_1_6' title='bbox 1107 717 1199 799; x_wconf 83' lang='lat' dir='ltr'><strong>igno-</strong></span> 
     </span>
     <span class='ocr_line' id='line_1_3' title="bbox 320 817 1200 912; baseline 0.002 -28"><span class='ocrx_word' id='word_1_7' title='bbox 320 817 447 885; x_wconf 89' lang='lat' dir='ltr'><strong>rantiae</strong></span> <span class='ocrx_word' id='word_1_8' title='bbox 465 820 617 912; x_wconf 83' lang='lat' dir='ltr'><strong>tenebras</strong></span> <span class='ocrx_word' id='word_1_9' title='bbox 633 819 820 900; x_wconf 86' lang='lat' dir='ltr'><strong>discutiens,</strong></span> <span class='ocrx_word' id='word_1_10' title='bbox 843 821 989 885; x_wconf 91' lang='lat' dir='ltr'><strong>mundum</strong></span> <span class='ocrx_word' id='word_1_11' title='bbox 1006 820 1200 896; x_wconf 79' lang='lat' dir='ltr'><strong>illuminans,</strong></span> 
     </span>
     <span class='ocr_line' id='line_1_4' title="bbox 320 922 1200 1015; baseline 0.002 -28"><span class='ocrx_word' id='word_1_12' title='bbox 320 922 485 989; x_wconf 80' lang='lat' dir='ltr'><strong>miraculis</strong></span> <span class='ocrx_word' id='word_1_13' title='bbox 515 941 708 1002; x_wconf 76' lang='lat' dir='ltr'>coruscans,</span> <span class='ocrx_word' id='word_1_14' title='bbox 739 931 771 988; x_wconf 87' lang='lat' dir='ltr'><strong>et</strong></span> <span class='ocrx_word' id='word_1_15' title='bbox 802 924 976 997; x_wconf 89' lang='lat' dir='ltr'><strong>divinitatis</strong></span> <span class='ocrx_word' id='word_1_16' title='bbox 1005 926 1091 1015; x_wconf 84' lang='lat' dir='ltr'><strong>suae</strong></span> <span class='ocrx_word' id='word_1_17' title='bbox 1112 926 1200 992; x_wconf 89' lang='lat' dir='ltr'><strong>velut</strong></span> 
     </span>
     <span class='ocr_line' id='line_1_5' title="bbox 319 1027 1199 1117; baseline 0.002 -26"><span class='ocrx_word' id='word_1_18' title='bbox 319 1027 490 1117; x_wconf 74' lang='lat' dir='ltr'><strong>stricturas</strong></span> <span class='ocrx_word' id='word_1_19' title='bbox 523 1029 680 1110; x_wconf 84' lang='lat' dir='ltr'><strong>quasdam</strong></span> <span class='ocrx_word' id='word_1_20' title='bbox 716 1028 1121 1111; x_wconf 87' lang='lat' dir='ltr'><strong>mortalibns&#39;ostentans‚</strong></span> <span class='ocrx_word' id='word_1_21' title='bbox 1159 1029 1199 1095; x_wconf 89' lang='lat' dir='ltr'><strong>ad</strong></span> 
     </span>
     <span class='ocr_line' id='line_1_6' title="bbox 319 1130 1202 1201; baseline 0.003 -7"><span class='ocrx_word' id='word_1_22' title='bbox 319 1130 407 1201; x_wconf 88' lang='lat' dir='ltr'><strong>vitae</strong></span> <span class='ocrx_word' id='word_1_23' title='bbox 441 1131 695 1197; x_wconf 90' lang='lat' dir='ltr'><strong>emendationem</strong></span> <span class='ocrx_word' id='word_1_24' title='bbox 733 1138 767 1195; x_wconf 88' lang='lat' dir='ltr'><strong>et</strong></span> <span class='ocrx_word' id='word_1_25' title='bbox 797 1132 909 1197; x_wconf 88' lang='lat' dir='ltr'><strong>salutis</strong></span> <span class='ocrx_word' id='word_1_26' title='bbox 941 1151 1050 1198; x_wconf 89' lang='lat' dir='ltr'><strong>curam</strong></span> <span class='ocrx_word' id='word_1_27' title='bbox 1088 1151 1202 1200; x_wconf 91' lang='lat' dir='ltr'><strong>omnes</strong></span> 
     </span>
     <span class='ocr_line' id='line_1_7' title="bbox 303 1236 778 1308; baseline 0.017 -8"><span class='ocrx_word' id='word_1_28' title='bbox 303 1236 475 1302; x_wconf 85' lang='lat' dir='ltr'><strong>excitans.</strong></span> <span class='ocrx_word' id='word_1_29' title='bbox 646 1249 648 1253; x_wconf 73' lang='lat'>‘</span> <span class='ocrx_word' id='word_1_30' title='bbox 776 1303 778 1308; x_wconf 81' lang='grc'>,</span> 
     </span>
    </p>

    <p class='ocr_par' dir='ltr' id='par_1_3' title="bbox 320 1325 1205 1631">
     <span class='ocr_line' id='line_1_8' title="bbox 366 1325 1205 1427; baseline 0.005 -22"><span class='ocrx_word' id='word_1_31' title='bbox 366 1338 507 1405; x_wconf 80' lang='lat' dir='ltr'>Tandem</span> <span class='ocrx_word' id='word_1_32' title='bbox 531 1346 608 1424; x_wconf 89' lang='lat' dir='ltr'><strong>post</strong></span> <span class='ocrx_word' id='word_1_33' title='bbox 621 1339 805 1407; x_wconf 83' lang='lat' dir='ltr'><strong>coelestem</strong></span> <span class='ocrx_word' id='word_1_34' title='bbox 822 1340 999 1407; x_wconf 79' lang='lat' dir='ltr'><strong>doctrinam</strong></span> <span class='ocrx_word' id='word_1_35' title='bbox 1015 1325 1205 1427; x_wconf 83' lang='lat' dir='ltr'><strong>impensam,</strong></span> 
     </span>
     <span class='ocr_line' id='line_1_9' title="bbox 320 1443 1203 1533; baseline 0.003 -24"><span class='ocrx_word' id='word_1_36' title='bbox 320 1450 397 1528; x_wconf 90' lang='lat' dir='ltr'><strong>post</strong></span> <span class='ocrx_word' id='word_1_37' title='bbox 417 1450 468 1509; x_wconf 92' lang='lat' dir='ltr'><strong>tot</strong></span> <span class='ocrx_word' id='word_1_38' title='bbox 489 1443 645 1509; x_wconf 90' lang='lat' dir='ltr'><strong>miracula</strong></span> <span class='ocrx_word' id='word_1_39' title='bbox 668 1451 702 1507; x_wconf 88' lang='lat' dir='ltr'><strong>et</strong></span> <span class='ocrx_word' id='word_1_40' title='bbox 722 1445 875 1509; x_wconf 90' lang='lat' dir='ltr'><strong>virtutum</strong></span> <span class='ocrx_word' id='word_1_41' title='bbox 898 1447 1066 1528; x_wconf 82' lang='lat' dir='ltr'><strong>exempla,</strong></span> <span class='ocrx_word' id='word_1_42' title='bbox 1089 1448 1203 1533; x_wconf 84' lang='lat' dir='ltr'><strong>exple-</strong></span> 
     </span>
     <span class='ocr_line' id='line_1_10' title="bbox 322 1547 1205 1631; baseline 0.008 -19"><span class='ocrx_word' id='word_1_43' title='bbox 322 1554 415 1614; x_wconf 60' lang='lat' dir='ltr'><strong>turus,</strong></span> <span class='ocrx_word' id='word_1_44' title='bbox 435 1566 517 1631; x_wconf 87' lang='lat' dir='ltr'><strong>opus</strong></span> <span class='ocrx_word' id='word_1_45' title='bbox 540 1547 775 1630; x_wconf 75' lang='lat' dir='ltr'><strong>redemptionis</strong></span> <span class='ocrx_word' id='word_1_46' title='bbox 799 1557 930 1614; x_wconf 86' lang='lat' dir='ltr'><strong>nostrae</strong></span> <span class='ocrx_word' id='word_1_47' title='bbox 961 1570 998 1614; x_wconf 88' lang='lat' dir='ltr'><strong>se</strong></span> <span class='ocrx_word' id='word_1_48' title='bbox 1021 1558 1126 1617; x_wconf 83' lang='lat' dir='ltr'><strong>totum</strong></span> <span class='ocrx_word' id='word_1_49' title='bbox 1150 1569 1205 1619; x_wconf 90' lang='lat' dir='ltr'><strong>no·</strong></span> 
     </span>
    </p>

    <p class='ocr_par' dir='ltr' id='par_1_4' title="bbox 299 1651 1208 2051">
     <span class='ocr_line' id='line_1_11' title="bbox 299 1651 1206 1737; baseline 0 -20"><span class='ocrx_word' id='word_1_50' title='bbox 299 1689 300 1694; x_wconf 21' lang='grc' dir='ltr'><strong>κ</strong></span> <span class='ocrx_word' id='word_1_51' title='bbox 325 1652 376 1717; x_wconf 92' lang='lat' dir='ltr'><strong>bis</strong></span> <span class='ocrx_word' id='word_1_52' title='bbox 408 1652 440 1717; x_wconf 95' lang='lat' dir='ltr'><strong>in</strong></span> <span class='ocrx_word' id='word_1_53' title='bbox 465 1652 798 1737; x_wconf 89' lang='lat' dir='ltr'><strong>pretiumexpendit,</strong></span> <span class='ocrx_word' id='word_1_54' title='bbox 829 1659 862 1715; x_wconf 94' lang='lat' dir='ltr'><strong>et</strong></span> <span class='ocrx_word' id='word_1_55' title='bbox 895 1651 992 1716; x_wconf 90' lang='lat' dir='ltr'><strong>vitam</strong></span> <span class='ocrx_word' id='word_1_56' title='bbox 1022 1670 1103 1718; x_wconf 91' lang='lat' dir='ltr'><strong>cum</strong></span> <span class='ocrx_word' id='word_1_57' title='bbox 1133 1673 1206 1719; x_wconf 87' lang='lat' dir='ltr'><strong>san·</strong></span> 
     </span>
     <span class='ocr_line' id='line_1_12' title="bbox 324 1752 1207 1841; baseline 0.002 -20"><span class='ocrx_word' id='word_1_58' title='bbox 324 1756 423 1839; x_wconf 83' lang='lat' dir='ltr'><strong>guine</strong></span> <span class='ocrx_word' id='word_1_59' title='bbox 442 1763 573 1822; x_wconf 87' lang='lat' dir='ltr'><strong>nostrae</strong></span> <span class='ocrx_word' id='word_1_60' title='bbox 595 1756 691 1821; x_wconf 90' lang='lat' dir='ltr'><strong>saluti</strong></span> <span class='ocrx_word' id='word_1_61' title='bbox 713 1755 868 1840; x_wconf 87' lang='lat' dir='ltr'><strong>profudit,</strong></span> <span class='ocrx_word' id='word_1_62' title='bbox 888 1764 991 1822; x_wconf 87' lang='lat' dir='ltr'><strong>morte</strong></span> <span class='ocrx_word' id='word_1_63' title='bbox 1012 1752 1207 1841; x_wconf 79' lang='lat' dir='ltr'><strong>ignominio-</strong></span> 
     </span>
     <span class='ocr_line' id='line_1_13' title="bbox 327 1862 1207 1947; baseline 0.006 -23"><span class='ocrx_word' id='word_1_64' title='bbox 327 1862 454 1934; x_wconf 88' lang='lat' dir='ltr'><strong>sissima</strong></span> <span class='ocrx_word' id='word_1_65' title='bbox 469 1863 593 1947; x_wconf 87' lang='lat' dir='ltr'><strong>pariter</strong></span> <span class='ocrx_word' id='word_1_66' title='bbox 609 1870 643 1926; x_wconf 90' lang='lat' dir='ltr'><strong>et</strong></span> <span class='ocrx_word' id='word_1_67' title='bbox 656 1862 866 1930; x_wconf 83' lang='lat' dir='ltr'><strong>acerbissima</strong></span> <span class='ocrx_word' id='word_1_68' title='bbox 881 1867 1044 1943; x_wconf 85' lang='lat' dir='ltr'><strong>suscepta.</strong></span> <span class='ocrx_word' id='word_1_69' title='bbox 1073 1862 1207 1945; x_wconf 89' lang='lat' dir='ltr'><strong>0qnam</strong></span> 
     </span>
     <span class='ocr_line' id='line_1_14' title="bbox 327 1964 1208 2051; baseline 0.007 -24"><span class='ocrx_word' id='word_1_70' title='bbox 327 1964 470 2031; x_wconf 86' lang='lat' dir='ltr'><strong>indebita</strong></span> <span class='ocrx_word' id='word_1_71' title='bbox 502 1965 684 2051; x_wconf 87' lang='lat' dir='ltr'><strong>miseratio,</strong></span> <span class='ocrx_word' id='word_1_72' title='bbox 717 1983 811 2046; x_wconf 90' lang='lat' dir='ltr'><strong>quam</strong></span> <span class='ocrx_word' id='word_1_73' title='bbox 842 1964 981 2047; x_wconf 82' lang='lat' dir='ltr'><strong>gratuita</strong></span> <span class='ocrx_word' id='word_1_74' title='bbox 1013 1972 1045 2029; x_wconf 89' lang='lat' dir='ltr'><strong>et</strong></span> <span class='ocrx_word' id='word_1_75' title='bbox 1069 1970 1208 2050; x_wconf 88' lang='lat' dir='ltr'><strong>probata</strong></span> 
     </span>
    </p>

    <p class='ocr_par' dir='ltr' id='par_1_5' title="bbox 219 2067 1213 2985">
     <span class='ocr_line' id='line_1_15' title="bbox 219 2067 1208 2152; baseline 0.004 -19"><span class='ocrx_word' id='word_1_76' title='bbox 219 2109 223 2115; x_wconf 71' lang='lat'>=</span> <span class='ocrx_word' id='word_1_77' title='bbox 282 2128 283 2132; x_wconf 74' lang='grc'>,</span> <span class='ocrx_word' id='word_1_78' title='bbox 323 2069 470 2152; x_wconf 86' lang='lat' dir='ltr'><strong>dilectio,</strong></span> <span class='ocrx_word' id='word_1_79' title='bbox 505 2090 601 2152; x_wconf 92' lang='lat' dir='ltr'><strong>qnam</strong></span> <span class='ocrx_word' id='word_1_80' title='bbox 632 2068 799 2151; x_wconf 90' lang='lat' dir='ltr'><strong>inopinata</strong></span> <span class='ocrx_word' id='word_1_81' title='bbox 832 2067 995 2151; x_wconf 82' lang='lat' dir='ltr'><strong>dignatio,</strong></span> <span class='ocrx_word' id='word_1_82' title='bbox 1020 2087 1118 2150; x_wconf 84' lang='lat' dir='ltr'><strong>quam</strong></span> <span class='ocrx_word' id='word_1_83' title='bbox 1144 2079 1208 2137; x_wconf 88' lang='lat' dir='ltr'><strong>stu·</strong></span> 
     </span>
     <span class='ocr_line' id='line_1_16' title="bbox 322 2171 1208 2259; baseline 0.002 -22"><span class='ocrx_word' id='word_1_84' title='bbox 322 2171 432 2257; x_wconf 88' lang='lat' dir='ltr'><strong>penda</strong></span> <span class='ocrx_word' id='word_1_85' title='bbox 461 2173 622 2259; x_wconf 61' lang='lat' dir='ltr'><strong>dulcedo,</strong></span> <span class='ocrx_word' id='word_1_86' title='bbox 649 2173 776 2256; x_wconf 79' lang='lat' dir='ltr'><strong>Regem</strong></span> <span class='ocrx_word' id='word_1_87' title='bbox 797 2171 922 2253; x_wconf 83' lang='lat' dir='ltr'><strong>gloriae</strong></span> <span class='ocrx_word' id='word_1_88' title='bbox 951 2190 1013 2257; x_wconf 91' lang='lat' dir='ltr'><strong>pro</strong></span> <span class='ocrx_word' id='word_1_89' title='bbox 1035 2174 1208 2241; x_wconf 87' lang='lat' dir='ltr'><strong>vilissimis</strong></span> 
     </span>
     <span class='ocr_line' id='line_1_17' title="bbox 323 2261 1209 2364; baseline 0.002 -23"><span class='ocrx_word' id='word_1_90' title='bbox 323 2276 507 2359; x_wconf 83' lang='lat' dir='ltr'><strong>mancipiis,</strong></span> <span class='ocrx_word' id='word_1_91' title='bbox 539 2278 644 2359; x_wconf 90' lang='lat' dir='ltr'><strong>iisque</strong></span> <span class='ocrx_word' id='word_1_92' title='bbox 672 2277 739 2342; x_wconf 88' lang='lat' dir='ltr'><strong>suis</strong></span> <span class='ocrx_word' id='word_1_93' title='bbox 771 2275 912 2339; x_wconf 92' lang='lat' dir='ltr'><strong>inimicis</strong></span> <span class='ocrx_word' id='word_1_94' title='bbox 940 2261 1112 2364; x_wconf 80' lang='lat' dir='ltr'><strong>assumere</strong></span> <span class='ocrx_word' id='word_1_95' title='bbox 1146 2278 1209 2345; x_wconf 85' lang='lat' dir='ltr'><strong>for·</strong></span> 
     </span>
     <span class='ocr_line' id='line_1_18' title="bbox 323 2378 1210 2463; baseline 0.003 -18"><span class='ocrx_word' id='word_1_96' title='bbox 323 2398 406 2445; x_wconf 89' lang='lat' dir='ltr'><strong>mam</strong></span> <span class='ocrx_word' id='word_1_97' title='bbox 433 2378 538 2461; x_wconf 89' lang='lat' dir='ltr'><strong>servi,</strong></span> <span class='ocrx_word' id='word_1_98' title='bbox 570 2386 619 2446; x_wconf 88' lang='lat' dir='ltr'><strong>tot</strong></span> <span class='ocrx_word' id='word_1_99' title='bbox 642 2381 810 2463; x_wconf 88' lang='lat' dir='ltr'><strong>suscipere</strong></span> <span class='ocrx_word' id='word_1_100' title='bbox 841 2381 971 2446; x_wconf 90' lang='lat' dir='ltr'><strong>labores</strong></span> <span class='ocrx_word' id='word_1_101' title='bbox 1001 2386 1034 2443; x_wconf 89' lang='lat' dir='ltr'><strong>et</strong></span> <span class='ocrx_word' id='word_1_102' title='bbox 1065 2379 1210 2463; x_wconf 85' lang='lat' dir='ltr'><strong>dolores,</strong></span> 
     </span>
     <span class='ocr_line' id='line_1_19' title="bbox 322 2483 1209 2567; baseline 0.006 -20"><span class='ocrx_word' id='word_1_103' title='bbox 322 2485 427 2567; x_wconf 90' lang='lat' dir='ltr'><strong>ipsam</strong></span> <span class='ocrx_word' id='word_1_104' title='bbox 460 2483 598 2567; x_wconf 87' lang='lat' dir='ltr'><strong>deniquo</strong></span> <span class='ocrx_word' id='word_1_105' title='bbox 630 2502 758 2549; x_wconf 84' lang='lat' dir='ltr'><strong>crucem</strong></span> <span class='ocrx_word' id='word_1_106' title='bbox 788 2485 947 2549; x_wconf 87' lang='lat' dir='ltr'><strong>sustinere</strong></span> <span class='ocrx_word' id='word_1_107' title='bbox 983 2501 1023 2547; x_wconf 91' lang='lat' dir='ltr'><strong>ac</strong></span> <span class='ocrx_word' id='word_1_108' title='bbox 1053 2489 1209 2557; x_wconf 82' lang='lat' dir='ltr'><strong>mortem!</strong></span> 
     </span>
     <span class='ocr_line' id='line_1_20' title="bbox 307 2578 1210 2677; baseline 0.008 -26"><span class='ocrx_word' id='word_1_109' title='bbox 307 2587 399 2677; x_wconf 76' lang='lat' dir='ltr'><strong>¹Quis</strong></span> <span class='ocrx_word' id='word_1_110' title='bbox 423 2592 571 2669; x_wconf 37' lang='lat' dir='ltr'><strong>nuquam&gt;</strong></span> <span class='ocrx_word' id='word_1_111' title='bbox 583 2607 702 2672; x_wconf 88' lang='lat' dir='ltr'><strong>pareus</strong></span> <span class='ocrx_word' id='word_1_112' title='bbox 725 2578 830 2653; x_wconf 82' lang='lat' dir='ltr'><strong>simile</strong></span> <span class='ocrx_word' id='word_1_113' title='bbox 854 2583 929 2670; x_wconf 89' lang='lat' dir='ltr'><strong>quid</strong></span> <span class='ocrx_word' id='word_1_114' title='bbox 944 2588 1029 2666; x_wconf 23' lang='lat' dir='ltr'><strong>[lecit</strong></span> <span class='ocrx_word' id='word_1_115' title='bbox 1048 2608 1113 2671; x_wconf 92' lang='lat' dir='ltr'><strong>pro</strong></span> <span class='ocrx_word' id='word_1_116' title='bbox 1131 2591 1210 2657; x_wconf 86' lang='lat' dir='ltr'><strong>libe-</strong></span> 
     </span>
     <span class='ocr_line' id='line_1_21' title="bbox 326 2670 1211 2778; baseline 0.007 -24"><span class='ocrx_word' id='word_1_117' title='bbox 326 2692 429 2755; x_wconf 90' lang='lat' dir='ltr'><strong>randc</strong></span> <span class='ocrx_word' id='word_1_118' title='bbox 453 2691 537 2771; x_wconf 88' lang='lat' dir='ltr'><strong>filio,</strong></span> <span class='ocrx_word' id='word_1_119' title='bbox 569 2700 624 2757; x_wconf 91' lang='lat' dir='ltr'><strong>aut</strong></span> <span class='ocrx_word' id='word_1_120' title='bbox 643 2691 730 2758; x_wconf 89' lang='lat' dir='ltr'><strong>filius</strong></span> <span class='ocrx_word' id='word_1_121' title='bbox 752 2711 813 2777; x_wconf 91' lang='lat' dir='ltr'><strong>pro</strong></span> <span class='ocrx_word' id='word_1_122' title='bbox 836 2699 982 2778; x_wconf 90' lang='lat' dir='ltr'><strong>parente,</strong></span> <span class='ocrx_word' id='word_1_123' title='bbox 1005 2670 1071 2757; x_wconf 46' lang='lat' dir='ltr'><strong>aut*</strong></span> <span class='ocrx_word' id='word_1_124' title='bbox 1086 2697 1211 2763; x_wconf 86' lang='lat' dir='ltr'><strong>amicus</strong></span> 
     </span>
     <span class='ocr_line' id='line_1_22' title="bbox 324 2781 1212 2880; baseline 0.008 -21"><span class='ocrx_word' id='word_1_125' title='bbox 324 2813 386 2879; x_wconf 89' lang='lat' dir='ltr'><strong>pro</strong></span> <span class='ocrx_word' id='word_1_126' title='bbox 409 2796 524 2878; x_wconf 86' lang='lat' dir='ltr'><strong>amico,</strong></span> <span class='ocrx_word' id='word_1_127' title='bbox 549 2797 644 2878; x_wconf 86' lang='lat' dir='ltr'><strong>quale</strong></span> <span class='ocrx_word' id='word_1_128' title='bbox 665 2797 746 2862; x_wconf 85' lang='lat' dir='ltr'><strong>fecit</strong></span> <span class='ocrx_word' id='word_1_129' title='bbox 767 2797 855 2862; x_wconf 87' lang='lat' dir='ltr'><strong>Deus</strong></span> <span class='ocrx_word' id='word_1_130' title='bbox 877 2816 938 2880; x_wconf 88' lang='lat' dir='ltr'><strong>pro</strong></span> <span class='ocrx_word' id='word_1_131' title='bbox 952 2798 1092 2877; x_wconf 88' lang='lat' dir='ltr'><strong>homine,</strong></span> <span class='ocrx_word' id='word_1_132' title='bbox 1112 2781 1212 2866; x_wconf 80' lang='lat' dir='ltr'><strong>crea·</strong></span> 
     </span>
     <span class='ocr_line' id='line_1_23' title="bbox 325 2901 1213 2985; baseline 0.003 -20"><span class='ocrx_word' id='word_1_133' title='bbox 325 2908 377 2965; x_wconf 88' lang='lat' dir='ltr'><strong>tor</strong></span> <span class='ocrx_word' id='word_1_134' title='bbox 403 2919 464 2983; x_wconf 85' lang='lat' dir='ltr'><strong>pto</strong></span> <span class='ocrx_word' id='word_1_135' title='bbox 487 2908 664 2981; x_wconf 88' lang='lat' dir='ltr'><strong>creatura,</strong></span> <span class='ocrx_word' id='word_1_136' title='bbox 687 2921 836 2985; x_wconf 89' lang='lat' dir='ltr'><strong>suprema</strong></span> <span class='ocrx_word' id='word_1_137' title='bbox 867 2901 1023 2983; x_wconf 86' lang='lat' dir='ltr'><strong>majestas</strong></span> <span class='ocrx_word' id='word_1_138' title='bbox 1045 2921 1111 2982; x_wconf 93' lang='lat' dir='ltr'><strong>pro</strong></span> <span class='ocrx_word' id='word_1_139' title='bbox 1139 2925 1213 2977; x_wconf 84' lang='lat' dir='ltr'><strong>ver·</strong></span> 
     </span>
    </p>

    <p class='ocr_par' dir='ltr' id='par_1_6' title="bbox 325 3004 550 3088">
     <span class='ocr_line' id='line_1_24' title="bbox 325 3004 550 3088; baseline 0 -21"><span class='ocrx_word' id='word_1_140' title='bbox 325 3004 470 3072; x_wconf 78' lang='lat' dir='ltr'><strong>miculc‘d</strong></span> <span class='ocrx_word' id='word_1_141' title='bbox 545 3083 550 3088; x_wconf 81' lang='lat'><em>.</em></span> 
     </span>
    </p>

    <p class='ocr_par' dir='ltr' id='par_1_7' title="bbox 323 3106 1212 3404">
     <span class='ocr_line' id='line_1_25' title="bbox 369 3106 1212 3190; baseline 0.006 -16"><span class='ocrx_word' id='word_1_142' title='bbox 369 3106 438 3175; x_wconf 89' lang='lat' dir='ltr'><strong>Sed</strong></span> <span class='ocrx_word' id='word_1_143' title='bbox 460 3127 564 3190; x_wconf 86' lang='lat' dir='ltr'><strong>neque</strong></span> <span class='ocrx_word' id='word_1_144' title='bbox 585 3108 749 3179; x_wconf 83' lang='lat' dir='ltr'><strong>hicstetit</strong></span> <span class='ocrx_word' id='word_1_145' title='bbox 770 3108 857 3173; x_wconf 87' lang='lat' dir='ltr'><strong>illius</strong></span> <span class='ocrx_word' id='word_1_146' title='bbox 871 3108 1121 3176; x_wconf 84' lang='lat' dir='ltr'><strong>misericordia:</strong></span> <span class='ocrx_word' id='word_1_147' title='bbox 1147 3131 1212 3178; x_wconf 86' lang='lat' dir='ltr'><strong>on·</strong></span> 
     </span>
     <span class='ocr_line' id='line_1_26' title="bbox 323 3212 1212 3296; baseline -0.001 -15"><span class='ocrx_word' id='word_1_148' title='bbox 323 3236 383 3281; x_wconf 87' lang='lat' dir='ltr'><strong>nes</strong></span> <span class='ocrx_word' id='word_1_149' title='bbox 406 3214 488 3279; x_wconf 91' lang='lat' dir='ltr'><strong>euim</strong></span> <span class='ocrx_word' id='word_1_150' title='bbox 513 3231 590 3278; x_wconf 92' lang='lat' dir='ltr'><strong>suas</strong></span> <span class='ocrx_word' id='word_1_151' title='bbox 609 3213 755 3293; x_wconf 89' lang='lat' dir='ltr'><strong>actiones</strong></span> <span class='ocrx_word' id='word_1_152' title='bbox 778 3220 811 3276; x_wconf 91' lang='lat' dir='ltr'><strong>et</strong></span> <span class='ocrx_word' id='word_1_153' title='bbox 832 3212 1004 3296; x_wconf 89' lang='lat' dir='ltr'><strong>passiones</strong></span> <span class='ocrx_word' id='word_1_154' title='bbox 1026 3231 1092 3295; x_wconf 92' lang='lat' dir='ltr'><strong>pro</strong></span> <span class='ocrx_word' id='word_1_155' title='bbox 1117 3217 1212 3283; x_wconf 85' lang='lat' dir='ltr'><strong>nobie</strong></span> 
     </span>
     <span class='ocr_line' id='line_1_27' title="bbox 327 3317 1212 3404; baseline 0 -19"><span class='ocrx_word' id='word_1_156' title='bbox 327 3324 517 3404; x_wconf 88' lang='lat' dir='ltr'><strong>susceptas,</strong></span> <span class='ocrx_word' id='word_1_157' title='bbox 548 3317 718 3400; x_wconf 86' lang='lat' dir='ltr'><strong>omniaque</strong></span> <span class='ocrx_word' id='word_1_158' title='bbox 742 3317 854 3381; x_wconf 90' lang='lat' dir='ltr'><strong>merita</strong></span> <span class='ocrx_word' id='word_1_159' title='bbox 883 3336 943 3397; x_wconf 89' lang='lat' dir='ltr'><strong>per</strong></span> <span class='ocrx_word' id='word_1_160' title='bbox 971 3322 1075 3380; x_wconf 86' lang='lat' dir='ltr'><strong>totam</strong></span> <span class='ocrx_word' id='word_1_161' title='bbox 1115 3321 1212 3388; x_wconf 88' lang='lat' dir='ltr'><strong>vitan</strong></span> 
     </span>
    </p>
   </div>
   <div class='ocr_carea' id='block_1_3' title="bbox 305 3419 1211 3556">
    <p class='ocr_par' dir='ltr' id='par_1_8' title="bbox 305 3419 1211 3556">
     <span class='ocr_line' id='line_1_28' title="bbox 327 3419 1211 3508; baseline 0.001 -19"><span class='ocrx_word' id='word_1_162' title='bbox 327 3430 461 3508; x_wconf 87' lang='lat' dir='ltr'><strong>patrata</strong></span> <span class='ocrx_word' id='word_1_163' title='bbox 484 3424 514 3486; x_wconf 93' lang='lat' dir='ltr'><strong>in</strong></span> <span class='ocrx_word' id='word_1_164' title='bbox 537 3442 631 3488; x_wconf 91' lang='lat' dir='ltr'><strong>unum</strong></span> <span class='ocrx_word' id='word_1_165' title='bbox 654 3421 797 3505; x_wconf 82' lang='lat' dir='ltr'><strong>collegit,</strong></span> <span class='ocrx_word' id='word_1_166' title='bbox 819 3428 852 3484; x_wconf 88' lang='lat' dir='ltr'><strong>et</strong></span> <span class='ocrx_word' id='word_1_167' title='bbox 874 3439 913 3484; x_wconf 89' lang='lat' dir='ltr'><strong>ex</strong></span> <span class='ocrx_word' id='word_1_168' title='bbox 937 3419 1001 3483; x_wconf 90' lang='lat' dir='ltr'><strong>illis</strong></span> <span class='ocrx_word' id='word_1_169' title='bbox 1024 3419 1211 3490; x_wconf 75' lang='lat' dir='ltr'><strong>thesaurum</strong></span> 
     </span>
     <span class='ocr_line' id='line_1_29' title="bbox 305 3526 449 3556; baseline -0.007 0"><span class='ocrx_word' id='word_1_170' title='bbox 305 3539 314 3556; x_wconf 25' lang='grc' dir='ltr'><em>β</em></span> <span class='ocrx_word' id='word_1_171' title='bbox 437 3526 449 3555; x_wconf 66' lang='grc' dir='ltr'>ι</span> 
     </span>
    </p>
   </div>
   <div class='ocr_carea' id='block_1_4' title="bbox 0 0 1419 4317">
    <p class='ocr_par' dir='ltr' id='par_1_9' title="bbox 0 0 1419 4317">
     <span class='ocr_line' id='line_1_30' title="bbox 0 0 1419 4317; baseline 0 0"><span class='ocrx_word' id='word_1_172' title='bbox 0 0 1419 4317; x_wconf 95' lang='lat' dir='ltr'><strong> </strong></span> 
     </span>
    </p>
   </div>
  </div>
 </body>
</html>
