2817 4317
1047 549 1108 614 193

164 759 169 784 ·
225 743 395 808 ear-andem
423 740 648 823 ferventissimo
682 757 806 819 amore,
838 743 1011 805 arctissime
1042 741 1106 805 Deo

164 847 181 890 ¹
216 847 376 929 capulare
411 847 582 911 nitebatur:
618 851 648 909 et
675 851 708 909 ut
739 846 780 909 ad
798 846 902 925 ptores
921 847 1011 909 istius
1032 861 1108 907 suae

164 949 174 992 ³
224 954 350 1016 unionis
375 969 444 1015 cum
477 950 542 1014 Deo
569 947 690 1030 fructus
721 952 909 1029 perveniret,
942 966 1020 1028 puae
1043 952 1110 1028 ipse

164 1041 191 1096 Ι·
224 1057 257 1118 in
290 1071 324 1119 se
357 1055 395 1119 dc
425 1053 480 1118 ibba
515 1058 674 1134 copertus,
710 1059 738 1116 ct
758 1070 837 1134 quoe
858 1052 942 1133 apud
963 1056 1109 1132 mysticos

164 1155 184 1201 Ι
225 1165 370 1224 auctores
393 1159 581 1238 observavit,
612 1156 779 1237 praeclare
812 1160 845 1221 in
872 1156 949 1220 libro
973 1157 1107 1220 secondo

164 1257 186 1304 ¹
226 1266 263 1329 de
285 1264 498 1329 summobono
522 1266 691 1345 capressit,
715 1279 794 1345 qaae
816 1269 849 1327 ut
870 1262 956 1327 cobis
978 1264 1020 1326 od
1042 1280 1109 1325 ma·

164 1363 186 1428 ¹.
224 1389 299 1435 num
322 1373 393 1447 sint,
416 1387 473 1434 nos
495 1368 545 1433 bie
563 1371 596 1432 in
620 1368 736 1449 aliquot
758 1370 864 1449 capita
885 1366 1110 1440 distribuamus,

164 1465 189 1560 ¹,
222 1481 258 1540 ut
269 1474 429 1539 bassiano
451 1478 510 1538 isto
528 1474 666 1538 subsidio
679 1476 712 1537 in
726 1472 787 1538 boc
801 1472 926 1537 ubertati
949 1476 1012 1536 oita
1036 1464 1127 1536 bea?

164 1569 177 1612 ⁴
221 1565 383 1645 titudinem
404 1584 560 1655 nostram,
593 1595 672 1658 quae
694 1580 728 1641 in
751 1582 879 1641 aeterna
898 1576 1108 1657 complebitur,

164 1671 171 1716 '
219 1686 345 1769 feticius
367 1687 566 1764 securiusque
588 1683 795 1765 auspicemur.

518 1901 643 1959 GAPU'P'
665 1897 811 1955 PRIMUM.

228 2054 316 2119 Tres
338 2049 435 2127 modi,
459 2048 576 2143 quibus
598 2049 694 2113 Deus
715 2052 752 2113 in
775 2050 837 2113 leae
858 2052 926 2113 uita
948 2050 1110 2113 creaturis

375 2156 459 2232 suis,
481 2163 514 2216 et
533 2155 676 2217 maxime
692 2153 811 2242 justis,
834 2156 959 2218 unitur.

406 2287 448 2343 cx
465 2286 513 2342 m.
532 2288 558 2344 2.
577 2301 639 2359 cap.
660 2288 683 2342 1.
702 2303 747 2343 nu.
768 2290 792 2344 1.
809 2288 834 2344 2.
854 2287 878 2343 s
897 2288 922 2344 o.

267 2416 348 2481 Tros
380 2414 468 2478 modi
491 2396 575 2493 sant,
597 2416 712 2499 quibus
737 2416 865 2499 concipi
889 2423 998 2497 potest
1019 2417 1107 2481 Deus

221 2521 321 2587 monti
344 2527 474 2583 nostrae
496 2519 577 2583 uniri
607 2539 665 2584 seu
689 2520 852 2604 conjungi.
898 2521 1012 2602 Prima,
1035 2522 1105 2584 uni-

220 2644 287 2690 one
316 2624 573 2708 dependentiae,
601 2643 663 2705 qua
694 2624 828 2689 assidue
860 2645 951 2688 mens
982 2634 1105 2703 nostre,

218 2736 256 2793 et
279 2746 341 2791 non
365 2727 468 2791 solam
492 2728 594 2802 haec,
615 2725 675 2789 sed
699 2734 733 2790 et
756 2745 867 2791 omnes
891 2734 1061 2792 creaturae
1085 2747 1104 2808 a

220 2832 294 2897 Deo
327 2830 519 2915 dependent.
563 2829 655 2896 Sicut
690 2830 773 2897 enirn
805 2830 909 2895 lumen
941 2831 1104 2915 dependet

218 2956 241 3001 a
265 2934 354 3016 sole,
375 2943 409 2998 et
431 2934 505 2998 ideo
528 2941 619 2997 certo
639 2934 736 2999 modo
759 2933 788 2996 ei
813 2937 960 3000 connecti
995 2937 1101 3015 debet,

218 3042 266 3104 ita
298 3033 543 3104 totue‘mundus
574 3046 607 3101 ot
629 3038 781 3101 universe
805 3048 955 3103 creatura
979 3040 1101 3122 pendet

217 3166 241 3209 a
264 3142 353 3222 Deo,
386 3143 481 3226 eique
504 3143 583 3206 miro
606 3141 744 3223 quodam
769 3141 863 3207 modo
887 3145 1043 3208 cohaeret
1065 3153 1098 3209 et

218 3247 437 3324 connectitur,
466 3249 540 3330 quia
562 3246 696 3312 assidue
719 3250 761 3312 ab
786 3247 861 3331 ipso
884 3256 917 3311 et
939 3268 1031 3328 esse,
1066 3256 1099 3313 et

217 3352 377 3435 speciem,
400 3360 434 3416 et
448 3350 726 3435 pulchritudinem,
750 3359 784 3414 et
806 3351 870 3414 vim
893 3371 1019 3415 omnem
1044 3371 1099 3415 ec-

217 3457 308 3540 cipit
352 3455 388 3520 Si
407 3441 504 3520 'inter
533 3456 635 3520 solem
665 3464 697 3519 et
728 3457 831 3519 tunam
856 3456 978 3538 aliquid
1000 3458 1098 3520 inter-

875 3558 894 3587 „
1131 3559 1133 3564 .
