2817 4317
262 584 323 653 176

262 777 291 841 si
315 778 413 841 rebus
436 774 533 860 hujus
557 773 679 840 saeculi
710 774 933 857 delectentur,
973 778 1002 841 ei
1038 779 1065 863 ir

262 880 407 945 omnibus
427 880 557 963 placere
582 895 644 941 nou
667 876 826 943 studeant.

608 1114 795 1174 Pusscnuio.

456 1246 513 1312 Ad
535 1248 659 1324 Deum,
681 1223 719 1310 ut
743 1257 794 1311 est
815 1247 944 1313 zelotes.

434 1395 437 1399 ·
460 1377 502 1433 Ex
521 1375 570 1432 lib.
590 1380 629 1435 11.
648 1378 680 1433 de
697 1377 809 1449 Persem.
827 1392 889 1449 cup.
909 1382 952 1437 10.

308 1507 474 1576 Ozetotor
496 1510 681 1582 unimorum,
704 1507 773 1573 totle
793 1506 979 1573 secerdotum
1005 1511 1065 1576 der

201 1644 204 1648 >
260 1595 326 1693 tuo,
345 1612 426 1694 quot
447 1617 492 1677 cst
514 1613 621 1676 animo
642 1627 719 1675 mco.
766 1610 846 1691 Oooc
864 1610 961 1691 ittam,
984 1632 1065 1695 onor

262 1718 311 1780 ois
335 1715 490 1797 rctcttrm,
522 1721 557 1780 ut
583 1718 672 1781 notui
697 1722 748 1780 too
772 1720 801 1779 et
821 1718 1065 1787 rectissimoeo

263 1822 321 1884 toti
342 1820 532 1885 obsecundet.
577 1820 726 1884 Luctator
759 1818 827 1898 illo,
864 1821 1055 1889 reootcitrot

261 1939 387 2005 semper
409 1911 523 1988 resistit
546 1924 677 2006 Spiritui
695 1929 803 1990 soucto
826 1928 899 1999 tuo,·
919 1930 949 1990 ct
967 1932 1065 1994 nesci.

263 2044 336 2093 sero
358 2045 396 2092 oc
418 2027 612 2108 miserabilis,
634 2045 670 2093 sc
690 2031 859 2094 certissime
880 2028 994 2094 cetere
1016 2050 1064 2114 po

263 2136 485 2213 cornutorum,
507 2148 586 2212 quoe
609 2134 722 2196 cecutit
743 2130 988 2197 benevolentiam
1013 2140 1065 2201 tuo

309 2234 378 2298 Vae
400 2235 649 2317 peccatoribus,
685 2234 737 2316 qui
769 2240 842 2299 tuoe
861 2235 1064 2317 gubernatio

267 2339 395 2422 iegibus
419 2338 608 2403 subtrahere
631 2357 667 2401 se
690 2348 857 2418 conantur,
892 2346 925 2401 et
949 2358 1015 2404 suu
1040 2364 1063 2427 p

266 2442 389 2523 dentis,
424 2444 491 2505 suis
513 2439 642 2525 placitis
674 2448 708 2504 et
730 2440 862 2505 arbitrio
884 2440 1024 2508 vivere!

266 2546 348 2610 enim
372 2545 553 2611 subducunt
575 2564 610 2608 se
646 2544 876 2627 providentiae
914 2543 1065 2630 dirigent

265 2652 381 2731 vitam,
411 2649 554 2713 incidunt
590 2650 621 2711 in
656 2648 897 2733 providentiam
931 2647 1065 2717 destina

265 2753 307 2816 ad
331 2757 480 2816 mortem:
504 2759 536 2815 et
567 2750 640 2814 dum
663 2749 821 2815 recedunt
853 2753 893 2816 ab
918 2754 1042 2819 ordine

263 2856 395 2939 gnitatis
416 2865 449 2920 et
472 2854 732 2932 misericordiae,
755 2855 921 2918 incurrunt
944 2857 978 2919 in
1007 2861 1065 2926 ord

265 2961 447 3025 severitatis
464 2967 496 3023 et
515 2960 676 3044 justitiae:
699 2967 733 3022 ot
756 2960 828 3023 dum
846 2961 1019 3027 excutiunt
1039 2965 1065 3050 ju

264 3085 365 3130 suave
388 3064 568 3129 divinorum
593 3071 851 3146 praeceptorum,
874 3066 1020 3131 subeunt
1039 3068 1065 3153 jc

265 3169 397 3235 crudele
421 3168 608 3258 daemonum
632 3175 666 3232 et
681 3175 886 3233 aeternorum
903 3173 1065 3254 supplicio

265 3275 292 3339 0
328 3275 485 3337 insaniam
526 3271 712 3354 sanguineis
747 3271 901 3355 lacrymis
948 3274 1064 3343 defien

267 3378 345 3456 Quis
378 3385 502 3443 mentes
536 3377 717 3441 mortalium
754 3378 797 3440 itu
829 3374 1025 3463 fascinavit,
1060 3410 1065 3445 r

265 3489 385 3546 tautam
408 3481 577 3547 amentium
600 3480 760 3545 adduxit?
