2817 4317
1050 571 1094 643 33

212 769 328 834 merite
350 766 620 851 praedestinarem
643 773 679 831 ut
695 764 794 830 simus
810 762 915 831 sanati
936 763 1093 831 stimma·

214 873 314 939 eulati
329 874 363 937 in
378 880 558 956 conspeetu
579 878 636 936 tuo
651 871 682 935 in
701 869 871 952 charitate,
894 877 928 935 et
949 878 1094 955 paratam

213 978 312 1042 nobis
339 976 575 1042 haereditatem
606 993 827 1057 assequamur.
870 973 914 1040 Et
941 974 1025 1039 siout
1052 976 1094 1039 ab

212 1090 351 1147 aeterno
374 1098 437 1144 nos
458 1080 643 1162 praescisti,
666 1085 699 1143 et
722 1077 970 1161 praeordinasti,
992 1087 1027 1142 ut
1049 1078 1093 1142 si·

212 1205 284 1252 mus
313 1183 497 1251 conformes
525 1183 675 1267 imaginis
698 1181 773 1247 Filii
802 1183 862 1262 tui,
889 1182 934 1246 ita
955 1183 988 1246 in
1011 1191 1091 1247 tem·

213 1309 296 1373 pore
309 1290 444 1369 vorasti,
461 1297 495 1352 et
512 1289 715 1354 venationem
731 1296 814 1353 tuam
831 1295 962 1352 seeotos
972 1285 1093 1370 justili-

218 1396 310 1476 easti‚
333 1392 586 1477 (eommunioato
608 1394 701 1459 nobis
723 1392 847 1477 Spiritu
869 1400 934 1472 tuo,
954 1393 1091 1475 pignore

213 1499 427 1564 haereditatis
449 1494 600 1580 nostrae)
620 1504 652 1562 et
664 1497 862 1583 justificatos
877 1496 1091 1582 glorificabis;

210 1602 240 1668 si
264 1610 370 1667 tomen
394 1601 569 1685 iniustitia
590 1600 878 1685 permanserimus,
910 1600 940 1664 si
962 1601 1092 1684 imagini

209 1706 284 1772 Filii
317 1706 363 1773 tui
380 1707 573 1773 oonlormes
604 1725 667 1771 nos
694 1705 920 1792 oompstieudo
951 1708 1090 1789 praesti-

211 1811 352 1877 terimus.
390 1810 445 1876 *lta
473 1812 557 1876 euim
588 1811 714 1877 demum
743 1830 802 1877 nos
831 1809 1091 1894 praedestinasti,

210 1925 247 1982 ut
269 1918 299 1980 ei
322 1916 627 1981 simus-eonformes
649 1920 680 1980 in
704 1916 819 1998 gloria,
840 1916 868 1979 si
889 1915 1043 1980 fuerimus
1059 1916 1092 1982 ei

211 2021 396 2085 eoniormes
408 2019 441 2081 in
455 2018 619 2103 patientia.
640 2018 731 2083 Hane
747 2017 961 2083 conditionem
975 2020 1089 2084 merito

212 2143 233 2189 a
258 2124 353 2190 nobis
376 2122 530 2205 requiris,
554 2131 589 2187 ut
610 2124 753 2188 membra
774 2139 838 2186 non
856 2121 1052 2187 dissentiant
1072 2144 1092 2187 a

215 2230 340 2313 eapite:
372 2235 408 2292 nt
434 2228 517 2293 sieut
545 2228 698 2293 Dominus
725 2234 834 2293 noster
863 2224 1031 2310 ajustitia
1058 2235 1091 2293 et

209 2334 317 2401 Patris
331 2329 518 2398 obedientia
539 2340 677 2417 propter
692 2333 863 2415 passiones
885 2338 918 2395 et
931 2331 1088 2398 tormenta

212 2437 452 2518 nonreoessit,
473 2437 519 2501 ita
541 2455 603 2502 neo
620 2455 680 2502 nos
702 2440 744 2502 ob
766 2435 863 2521 hujus
885 2437 1089 2503 vitae-afflie-

212 2540 382 2605 tioneszsb
395 2538 470 2624 ejus
484 2540 668 2606 obedientia
684 2540 886 2622 reoedamns,
908 2543 969 2607 sed
983 2544 1088 2608 omnia

209 2644 339 2709 fortiter
365 2644 408 2709 ad
438 2645 619 2729 exemplum
646 2646 749 2730 ipsius
772 2646 987 2728 perieramus,
1011 2665 1087 2711 uon·

209 2747 406 2830 siderames,
429 2749 517 2831 quod
540 2770 605 2817 non
626 2756 701 2816 sunt
715 2749 896 2833 perdignae
918 2751 1089 2834 passiones

209 2850 486 2937 liujustemporis
508 2854 551 2919 ad
571 2856 709 2921 laturam
726 2854 869 2938 'gloriam
891 2874 974 2938 qnae
996 2877 1092 2922 reve-

209 2956 328 3021 labitur
360 2958 392 3021 iu
429 2959 532 3024 nobis.
581 2958 729 3024 Meretur
759 2978 814 3026 res
846 2965 935 3023 tanta
964 2977 1087 3025 omnem

209 3059 460 3133 sollicitudinem
483 3064 515 3127 in
534 3062 737 3147 'exequendis
761 3063 946 3146 mandatis„
963 3082 1088 3128 omnem
1203 3063 1204 3066 ’

209 3166 415 3231 tolerantiam
430 3166 462 3231 in
477 3167 675 3233 sustinendis
691 3167 850 3250 adversis,
869 3186 993 3234 omnem
1009 3185 1087 3233 oon·

209 3269 362 3335 stantiam
385 3270 417 3335 in
440 3271 610 3338 retinendo
628 3271 777 3357 justitiae
798 3280 891 3339 statu.
936 3318 938 3321 -

254 3374 306 3441 lto
327 3387 397 3442 sese
414 3394 481 3443 ran
502 3380 615 3445 lolem
635 3396 684 3446 me
703 3381 789 3445 docet
808 3380 884 3460 fidae
905 3376 1086 3457 iadodtloto,

208 3485 374 3552 etuoaor
395 3479 468 3563 fidei
491 3481 584 3550 Deos
618 3482 681 3548 «Sia
702 3484 808 3563 mado,
836 3485 867 3545 et
887 3482 988 3561 josto
1012 3479 1085 3561 fidei

800 3580 882 3652 202
