2817 4317
270 549 398 617 180,

267 762 338 806 nem
361 740 550 805 desiderare
582 748 734 826 poterunt
758 744 866 825 Beati,
902 746 1038 830 pleniss

269 846 363 911 coelo
387 866 515 930 semper
537 846 761 930 possidebunt.

614 1088 798 1145 PRECATIO.

334 1287 341 1295 ,
426 1217 481 1280 Al
503 1220 622 1296 Deum,
643 1230 680 1281 at
703 1229 753 1281 est
774 1241 843 1305 pax
866 1229 995 1281 nestra.

476 1350 515 1404 Ex
534 1350 581 1406 lib.
602 1354 625 1408 1.
644 1352 676 1406 ae
695 1350 805 1418 Perfert.
824 1364 884 1419 eap.
906 1353 946 1406 10.

315 1479 420 1542 Sentio
448 1480 543 1543 aliam
578 1481 673 1560 lepem
705 1483 738 1544 ln
768 1480 913 1543 membris
948 1484 1034 1545 meis

223 1574 226 1580 ’
269 1587 415 1664 pnantem
437 1584 495 1663 leui
522 1587 633 1647 mentis
666 1602 768 1663 meae,
804 1589 833 1647 et
863 1588 1041 1663 captivante

272 1692 304 1751 in
334 1689 397 1767 leae
423 1692 553 1769 percuti.
605 1687 694 1752 Intus
729 1704 869 1768 paenae,
906 1686 989 1767 soris
1022 1698 1041 1754 tr

274 1794 379 1856 Saeuit
396 1794 480 1855 intes
502 1794 648 1872 perennis
666 1792 775 1855 seditio
798 1791 1041 1858 tumultuantium

270 1914 305 1959 se
326 1898 514 1976 passionum.
560 1894 649 1958 Foris
672 1900 787 1976 quanta
814 1911 919 1957 reram
943 1902 1041 1962 omnir

268 2002 444 2081 temperies,
468 2003 583 2080 quanta
606 1999 680 2063 orbe
701 2004 762 2063 tale
784 1999 976 2079 perturbatio
985 2002 1002 2062 l

268 2122 322 2185 aaa
337 2105 434 2177 berna,
456 2106 523 2185 qais
538 2121 587 2167 me
603 2104 745 2168 liberabit
767 2104 804 2168 le
825 2121 955 2184 corpere
971 2127 1041 2173 mar

204 2243 207 2248 -
264 2208 347 2288 jes?
401 2207 481 2286 (lata
511 2208 633 2271 tandem
667 2214 713 2272 est
745 2209 836 2272 saliti
870 2212 902 2273 in
935 2215 1004 2276 turn
1036 2238 1041 2296 ,

269 2310 474 2390 tempestate?

315 2414 414 2479 Unam
434 2421 588 2496 superest,
622 2415 772 2497 Domine,
805 2423 840 2480 ut
868 2418 1024 2482 sublimis

268 2517 376 2581 dantia
399 2527 452 2581 tua
473 2519 548 2582 mihi
572 2539 703 2603 semper
732 2523 775 2583 ab
797 2522 911 2584 oeulos
935 2542 1041 2587 verse

269 2620 422 2701 quidquid
455 2622 602 2704 prosperi
639 2623 692 2685 vel
726 2623 856 2686 adversi
890 2626 1041 2691 obvener

266 2723 321 2785 illa
345 2724 416 2788 duei
445 2732 477 2788 et
500 2725 641 2805 pendere
665 2726 853 2808 intelligam,
877 2728 986 2811 deque
1008 2735 1041 2797 br

267 2846 361 2891 manu
385 2837 438 2891 tua
464 2829 632 2910 excipiam.
679 2830 765 2893 Nihil
789 2832 870 2893 euim
891 2832 927 2894 fit
942 2834 974 2896 iu
997 2844 1041 2901 ter

269 2930 354 3011 qued
378 2934 417 2993 ab
440 2932 495 2995 ilia
519 2934 559 2995 eb
578 2931 778 3014 justissimas
798 2952 915 2997 pausas
939 2955 1041 3002 nous

267 3034 404 3114 positum
436 3035 465 3096 iu
501 3036 702 3099 aeternitate.
748 3037 837 3100 Haee
866 3038 941 3101 mihi
967 3043 1041 3107 ina

267 3136 311 3201 sit
333 3138 469 3210 solatio:
491 3138 576 3205 haee
597 3140 733 3204 animum
757 3140 890 3204 turbidis
913 3147 1029 3209 muudi

263 3243 338 3321 bus,
364 3242 393 3303 iu
419 3261 608 3324 regnorum,
631 3244 862 3325 religionisque
886 3265 1008 3312 sacrae
1031 3271 1041 3313 a

264 3364 387 3409 marum
413 3346 561 3411 cladibus
582 3350 743 3410 turbatum
772 3346 995 3429 afflictamque
1021 3373 1040 3417 c

260 3455 316 3511 nat
352 3457 384 3512 et
422 3451 617 3533 tranquillet.
670 3451 781 3516 Omnia
819 3454 900 3516 euim
941 3460 1041 3536 provi
