2817 4317
263 524 306 594 fl

263 724 353 798 tate,
380 711 620 799 simplicissima
654 717 782 798 puritas
797 717 842 782 in
871 735 932 783 sna
966 715 1147 801 sanctitate,

264 821 414 889 absoluta
434 818 634 885 immensitas
648 818 680 884 in
703 841 764 887 sua
781 822 1012 905 magnitudine,
1034 824 1147 907 caligo

264 924 474 1007 lucidissima,
496 922 640 989 solitudo
663 925 935 1009 abundatissime,
955 926 1149 1011 simplicitas

262 1028 511 1118 perfectissima,
532 1026 595 1093 cibi
618 1034 652 1093 et
674 1029 781 1096 beatis
803 1030 949 1098 omuibus
971 1030 1148 1114 paradisus

262 1143 297 1203 ct
318 1135 452 1214 coelum,
467 1139 598 1198 aeterna
613 1132 691 1216 vita,
714 1143 848 1201 aeterna
860 1135 1000 1218 requies,
1014 1143 1150 1201 aeterua

263 1239 438 1324 beatitudo,
454 1246 488 1305 et
500 1239 638 1305 omnium
650 1241 808 1306 bonorum
829 1238 953 1305 infinita
968 1238 1148 1323 plenitudo.

306 1343 403 1425 ouon
425 1343 468 1410 ad
493 1343 692 1409 divinitatem
716 1343 841 1426 attinnt,
863 1344 926 1420 etei
944 1344 1017 1428 ipsa
1031 1362 1052 1408 a
1066 1341 1148 1427 Deo,

262 1443 461 1518 nullomodo
483 1453 636 1531 exparte
658 1447 717 1529 rei,
737 1453 793 1514 aut
808 1447 841 1511 in
853 1454 1016 1529 conceptu
1031 1447 1149 1512 viden·

263 1556 340 1622 tium
362 1553 465 1619 Deum
488 1551 720 1635 distinguatur3
747 1558 853 1616 mmen
875 1552 908 1616 in
931 1555 1044 1617 nostro
1066 1570 1147 1617 con·

263 1665 362 1744 oeptu
383 1676 444 1723 sen
465 1655 673 1740 concipiendi
685 1656 784 1722 modo
807 1665 860 1721 est
884 1654 994 1739 aliqua
1012 1654 1148 1723 dictinc-

262 1764 421 1828 tintcum
445 1760 596 1825 divinitas
620 1758 822 1842 concipiatur
850 1764 885 1824 ut
906 1759 1027 1840 forma,
1059 1758 1148 1823 Dens

262 1873 298 1931 ut
330 1866 407 1949 quid
437 1865 645 1930 constitutum
676 1883 720 1927 ex
749 1865 855 1929 forma
890 1870 924 1926 et
956 1863 1148 1928 substantia.

262 1970 442 2056 Dupliciter
464 1976 571 2035 autem
594 1968 747 2033 diviuitas
770 1965 899 2052 concipi
921 1973 1041 2048 potent.
1102 2044 1105 2048 ¹

275 2114 281 2118 ’
306 2075 335 2144 1.
356 2075 422 2142 Per
449 2073 579 2139 modum
607 2071 771 2139 essentiae
800 2092 859 2136 seu
890 2077 1025 2135 naturae
1053 2070 1149 2136 intel·

262 2180 412 2248 lacuatis
433 2177 587 2259 infinitae,
610 2198 653 2244 ex·
676 2197 740 2260 qua
761 2175 999 2261 quodammodo
1018 2184 1150 2241 manent

263 2304 375 2353 omncs
397 2283 476 2349 illae
497 2281 727 2367 perfectiones,
750 2297 834 2362 qnae
855 2277 1009 2343 attributa
1023 2297 1149 2345 vocau-

262 2396 331 2456 turt
353 2388 404 2454 ‘ita
431 2396 467 2453 ut
495 2386 581 2453 hacc
608 2400 671 2451 uon
701 2383 927 2450 contineantur
955 2384 989 2448 in
1017 2383 1147 2450 ratione

262 2492 449 2575 divinitatis,
471 2509 530 2556 sen
548 2490 713 2556 essentiae
728 2486 858 2553 divinae
872 2486 1063 2567 formaliter,
1085 2486 1148 2553 sed

263 2602 425 2688 tamquam
444 2596 477 2660 in
498 2594 724 2675 fundamcut03
753 2592 841 2658 sicut
868 2590 1089 2677 proprietates
1114 2592 1146 2655 ic

262 2702 359 2766 renna
380 2700 509 2767 creatis.
1087 2714 1089 2717 ’

306 2804 336 2870 2.
361 2804 497 2889 Ooncipi
519 2808 636 2889 potest,
659 2807 821 2884 tamquam
843 2800 949 2866 forma
970 2800 1146 2884 simpliciad

262 2908 342 2974 aima
374 2930 433 2993 per
459 2928 498 2975 ae
525 2906 724 2989 subsistens,
753 2906 893 2972 infinitae
921 2905 1146 2991 perfectionis,

264 3023 349 3095 quae
379 3014 559 3080 formaliter
589 3013 753 3077 contiueat
788 3028 899 3076 omnes
924 3010 1148 3094 perfectiones

261 3115 294 3180 iu
316 3135 376 3184 aua
404 3136 528 3184 summa
559 3118 742 3183 elevatione
772 3117 1012 3183 consideratas:
1045 3118 1091 3181 ita
1115 3122 1150 3182 ut

261 3218 350 3286 llcue
379 3241 440 3307 per
471 3221 558 3288 illam
579 3224 716 3288 formam
747 3223 789 3288 ait
814 3222 995 3287 formaliter
1017 3230 1148 3305 potens,

262 3326 408 3410 capiens,
438 3327 555 3407 bonon,
586 3336 734 3410 sauctus,
764 3325 888 3418 justus,
917 3335 979 3391 etc.
1006 3326 1071 3389 imo
1104 3329 1148 3394 sit

262 3427 440 3497 formaliter
463 3431 553 3517 ‘ipsa
591 3433 752 3517 potentia,
787 3432 968 3515 sapientia,
1009 3430 1149 3515 bouitas,
