2817 4317
1082 559 1146 624 217

263 748 316 814 ille
337 748 489 831 Spiritus,
520 710 588 831 nni)
605 754 771 831 spirituum
793 752 1074 815 omninmcreator
1093 756 1148 832 est,

263 852 368 918 dioino
390 871 447 918 suo
469 854 583 936 illapsu
611 852 813 937 manifestare
843 852 967 935 potest?
1011 852 1069 919 Ille
1090 859 1145 936 est,
1185 916 1187 919 ,

263 958 317 1038 put
339 957 600 1046 inmortalibus
623 961 685 1024 rita
709 962 872 1022 terrestres
901 955 978 1039 tacit
1000 958 1156 1042 Anpelos,

263 1060 375 1142 pnibus
394 1066 541 1126 aeternae
554 1078 632 1126 snae
647 1062 845 1127 beatitudinis
867 1060 1066 1145 dulcedinem,
1087 1081 1146 1145 pa·

263 1167 365 1229 terna
384 1166 519 1246 quaeum
546 1166 733 1247 benipnitate
763 1166 1000 1254 praelibantem
1029 1164 1148 1248 famili·

263 1271 365 1334 ariter
388 1270 515 1346 colibet.
560 1269 733 1351 Disponere
754 1265 876 1351 paidom
896 1286 931 1334 se
953 1269 995 1334 nd
1012 1270 1069 1335 boo
1089 1270 1147 1336 ba·

262 1376 364 1439 mines
397 1379 528 1456 possunt
561 1371 667 1439 rernm
704 1380 901 1439 terrenarum
941 1373 1150 1455 despicientia,

261 1482 448 1560 passionum
478 1480 603 1543 animae
633 1478 841 1560 edomatione,
871 1480 965 1543 totius
987 1479 1145 1544 sensuales

262 1581 400 1645 bominis
430 1577 557 1647 assidua
586 1582 832 1663 mortificatione,
868 1587 902 1647 nt
932 1582 1057 1648 tandem
1088 1584 1149 1647 sibi

263 1687 440 1768 mundoque
457 1689 571 1751 mortui
591 1703 697 1751 rerum
719 1689 865 1767 omnium
888 1704 967 1767 puae
981 1686 1066 1751 Dens
1087 1705 1150 1752 non

262 1795 347 1867 sant,
370 1792 522 1871 inopinos
544 1793 648 1854 animo
671 1790 845 1867 recludant,
867 1808 1003 1872 enmpue,
1023 1782 1052 1855 si
1073 1794 1102 1854 is
1119 1792 1152 1856 id
1248 1863 1250 1875 Ι

263 1895 423 1977 dipnetur,
454 1894 554 1958 solum
577 1895 749 1959 admittant.
793 1893 855 1959 Sed
875 1894 943 1972 ille,
966 1897 1017 1957 cni
1037 1896 1096 1959 soli
1116 1898 1150 1958 in

255 2000 392 2064 varsimus
414 2000 577 2079 imperinm
611 2002 670 2075 est,
701 2003 731 2063 et
756 2000 808 2080 pai
839 1999 876 2063 de
896 2001 1033 2063 stercore
1053 1998 1152 2062 oleoal

261 2115 444 2185 pauperem,
475 2100 595 2183 efficere
618 2102 712 2180 debet,
734 2107 768 2166 ut
789 2120 859 2167 oum
879 2101 1074 2184 principibus
1093 2117 1151 2182 po·

262 2207 334 2288 pati
361 2209 411 2270 sni
442 2208 483 2270 od
521 2208 642 2271 dininas
674 2208 784 2289 epulas
819 2207 999 2272 mortalium
1035 2212 1151 2271 montes

266 2309 486 2375 adhibeantur.
534 2310 648 2375 Auctor
665 2315 769 2378 tamen
792 2313 906 2394 noster,
929 2311 1070 2375 eoelestis
1094 2308 1152 2375 liu·

260 2417 322 2493 jas
344 2415 521 2480 ambrosiae
542 2418 632 2495 quasi
651 2421 887 2500 praepustaior,
919 2415 1008 2481 nobis
1030 2414 1154 2479 diuinos

266 2519 364 2584 trasco
390 2517 654 2584 considerationes
688 2520 862 2601 praelibal;
895 2523 930 2586 in
952 2536 1030 2602 puas
1053 2522 1082 2583 si
1102 2522 1152 2583 at·

265 2630 384 2691 tentum
407 2626 547 2688 animam
564 2625 798 2705 immiserimns,
816 2624 1006 2707 sperandum
1027 2626 1153 2691 omnino

265 2736 315 2796 est
335 2727 411 2811 sore,
427 2735 466 2793 ut
486 2733 576 2809 pater
598 2727 755 2807 luminum,
777 2713 908 2795 anobis
936 2728 1098 2794 inoboatas
1116 2728 1153 2793 do
1203 2794 1206 2799 .

264 2836 336 2899 suis
357 2816 593 2915 perfectionibus
619 2835 819 2911 capitationes
841 2830 1091 2915 affectionesque,
1113 2835 1156 2897 ed

263 2938 430 3003 sublimem
452 2936 739 3016 contemptationem
761 2937 890 3018 benipne
907 2941 948 3001 sit
968 2938 1152 3003 oteooturns.

266 3044 334 3124 Ape
355 3044 449 3122 ipitur
467 3042 604 3122 quisquis
627 3057 668 3115 es,
685 3042 833 3107 deliciare
849 3044 882 3107 in
904 3042 1067 3130 Lessienis
1088 3043 1149 3107 bis-

266 3164 305 3211 ce
335 3145 500 3226 saparibas
530 3150 559 3208 et
592 3142 768 3226 affectibus,
799 3147 924 3227 quondo
953 3153 983 3212 et
1004 3151 1152 3228 qnantum

265 3250 381 3334 placet.
425 3248 517 3313 Modo
536 3248 652 3330 Deum,
680 3252 715 3313 nt
741 3248 876 3331 primam
900 3253 1039 3315 omnium
1064 3250 1151 3333 prin-

268 3354 399 3436 cipiam,
420 3353 572 3417 submisse
594 3354 702 3418 adora.
750 3354 788 3420 llt
817 3356 968 3438 creatori,
991 3360 1151 3439 impensas

266 3464 377 3542 protes
404 3455 540 3539 refunde,
598 3457 636 3523 llt
666 3470 945 3538 conservatorem,
977 3480 1016 3525 ea
1046 3465 1152 3526 animo

812 3560 947 3629 '10
