2817 4317
1103 570 1149 643 ,39

265 761 414 837 oucibus
445 768 478 830 et
505 762 644 848 singuiis
668 769 818 830 vstatuere
848 762 949 829 semel
980 767 1014 829 at
1044 760 1149 845 simut,

267 887 352 950 quae
373 866 498 934 infinito
529 875 605 951 post
633 874 780 953 ternpore
802 867 968 949 facienda,
997 865 1051 931 vel
1071 885 1148 951 pera

266 972 422 1040 mittenda
445 980 548 1038 erant.
594 973 660 1039 lmc
684 972 718 1038 id
741 980 813 1038 erat
840 971 1079 1054 necessarium,
1105 990 1148 1044 ¹nc

266 1076 417 1143 voluntas
436 1075 511 1161 ejus
521 1077 610 1144 circa
626 1078 734 1161 aliqua
749 1075 881 1161 objecta
895 1084 1043 1143 maneret
1055 1077 1148 1159 quasi

264 1201 444 1263 snspensa3
470 1182 557 1267 quod
579 1190 631 1248 est
652 1182 915 1265 imperfectionis
1026 1239 1028 1244 ,

311 1284 418 1363 Quare
449 1289 535 1352 nulia
565 1296 617 1351 est
650 1289 683 1351 in
712 1287 781 1354 Deo
810 1295 938 1354 actuum
967 1284 1147 1351 intellectus

269 1400 325 1455 aut
347 1391 523 1455 voluntatis
551 1393 730 1458 successio.
778 1390 870 1469 Quod
893 1378 994 1455 semel
1023 1388 1147 1471 cogitat

266 1502 322 1559 aut
344 1493 442 1574 videt,
466 1515 597 1578 semper
610 1496 734 1580 cogitat
749 1503 784 1561 et
796 1495 894 1561 videt
928 1493 1028 1572 Quem
1047 1493 1147 1558 semel

265 1606 361 1679 annet,
384 1618 515 1681 semper
536 1609 637 1683 amat3
666 1602 728 1666 sod
756 1618 815 1683 pro
841 1618 882 1670 eo
905 1607 1053 1681 tempore
1081 1616 1146 1680 quo

265 1712 339 1769 erat
360 1704 524 1781 amabitis,
546 1724 663 1787 nempe
686 1724 746 1787 pro
774 1714 920 1789 tompore
943 1712 1047 1769 status
1069 1722 1147 1786 gra·

263 1810 344 1874 tiae:
367 1827 461 1892 quoru
485 1808 584 1873 semel
608 1808 685 1887 odit,
708 1828 838 1894 semper
861 1810 938 1888 odit,
961 1827 1024 1873 non
1048 1811 1146 1875 abso·

265 1912 349 1995 tute,
376 1912 437 1976 sed
462 1931 530 1998 ·pro
564 1930 605 1977 eo
636 1921 796 1995 ternpore⁴
815 1933 880 1997 qno
908 1914 984 1979 odio
1014 1914 1146 1996 dignus3

264 2033 327 2100 pro
348 2015 517 2082 alic-vcro
540 2024 701 2100 tempore,
725 2037 789 2101 quo
813 2038 922 2086 emcre
945 2020 1064 2099 dignus
1086 2023 1147 2099 est,

264 2118 354 2185 illurn
384 2127 487 2185 amat.
501 2119 565 2185 *Hi
592 2128 685 2185 actos
717 2123 770 2205 qui
797 2131 909 2188 nostro
942 2124 1037 2188 modo
1067 2139 1145 2187 con-

263 2223 408 2307 cipiendi
423 2224 455 2288 in
469 2223 540 2290 Deo
556 2224 698 2291 existunt
713 2229 756 2291 ab
767 2234 913 2309 aeterno,
935 2246 999 2293 non
1014 2233 1146 2293 cesfflnt

262 2327 398 2414 proprie
419 2346 484 2394 uec
497 2328 737 2412 extinguuntur,
755 2350 861 2413 neque
877 2332 919 2396 de
941 2350 1027 2397 novo
1042 2352 1145 2397 amer·

264 2440 358 2517 gunt,
387 2430 440 2497 vel
469 2433 652 2515 eliciuntur,
686 2435 746 2499 sad
777 2444 907 2500 manent
935 2435 1144 2502 invariabiles

264 2538 490 2619 respectusui
515 2536 636 2621 objecti
660 2556 721 2622 pro
744 2547 836 2605 certo
857 2547 1016 2623 tempore,
1039 2546 1071 2604 et
1093 2541 1145 2605 in-

264 2648 358 2706 certo
377 2642 698 2708 statuccccsiderati:
720 2664 782 2710 nec
804 2644 947 2709 tribuunt
961 2644 1143 2710 absolutam

262 2744 567 2827 denominationem,
590 2747 652 2812 uisi
675 2766 715 2813 eo
739 2756 903 2833 tempore,
927 2766 991 2832 quo
1014 2749 1144 2833 objecta

261 2850 410 2916 incerto
437 2856 528 2916 statu
556 2852 713 2935 existunt,
745 2860 778 2917 et
806 2871 867 2936 pro
898 2853 953 2918 illo
988 2859 1144 2935 tenpore,

262 2970 328 3037 qno
346 2953 382 3018 in
405 2971 446 3019 oo
463 2960 557 3019 stetu
579 2955 725 3037 existent,
745 2956 801 3023 vel
823 2958 1006 3024 extiterunt
1120 3007 1122 3012 -

267 3099 270 3106 ,
304 3056 337 3123 3.
359 3057 484 3123 Dicitur
506 3064 674 3140 cannot,
692 3067 855 3144 tamqnam
877 3080 979 3145 sopra
1001 3059 1142 3125 aeterni-

261 3168 383 3240 tatere,¹
409 3169 442 3226 et
472 3169 507 3227 ut
528 3173 639 3229 'causa
674 3165 877 3230 aeternitatis
912 3166 944 3229 in
976 3164 1141 3230 creaturis.

261 3266 341 3349 lpse
359 3266 443 3331 eninr
466 3284 525 3332 suo
547 3268 788 3354 potentissimo,
808 3269 952 3351 assiduo,
974 3275 1008 3333 et
1029 3269 1141 3335 imoru-

260 3370 354 3435 tabili
383 3369 518 3450 influxu,
548 3390 611 3456 quc
641 3374 747 3440 omnia
776 3382 867 3440 creat
894 3381 928 3439 et
957 3380 1141 3453 conservat,

261 3482 436 3543 secema
460 3478 691 3560 cur-mundus,
719 3478 857 3563 Angeti,
885 3485 919 3543 et
939 3477 1138 3545 honinesin
