2817 4317
1105 514 1148 581 99

263 709 333 777 Gur
355 708 536 775 111111111
575 707 649 773 -Tua
673 707 756 773 enim
778 692 851 771 sont
865 707 978 787 omnia,
999 713 1032 772 et
1046 725 1149 791 opera

265 834 424 894 mannum!
441 800 577 890 toareni.
622 811 759 897 Semper
789 819 821 875 te
844 811 918 875 mihi
943 818 1149 894 praesentem

267 918 427 1003 11511111,
454 925 487 983 11
509 923 641 981 extenta
657 898 764 995 mann
787 897 1041 995 omnipotentiae
1073 925 1148 978 tuae

265 1032 426 1091 aeternae
458 1020 672 1106 damnationis
706 1018 828 1083 fulmen
865 1019 1079 1101 minitantem,
1123 1018 1152 1082 si

263 1127 487 1202 sanetisaimas
503 1120 599 1207 leges
612 1132 690 1191 toas
706 1123 885 1187 violavero.
932 1120 1033 1188 Adde
1055 1123 1152 1202 etiam

264 1230 416 1298 fidaeiam
440 1233 477 1301 'et
491 1227 701 1293 seeuritatem
722 1227 813 1291 eordi
829 1243 900 1291 meo
920 1226 952 1290 in
976 1234 1018 1303 te,
1038 1232 1074 1290 nt
1095 1245 1152 1289 ne-

267 1336 383 1399 minem
405 1334 535 1399 timeam
559 1338 691 1415 praeter
725 1339 773 1414 te,
807 1350 875 1397 neo
903 1330 970 1396 nlla
1001 1339 1154 1397 ereatura

266 1459 317 1505 me
352 1459 372 1504 1
403 1438 564 1503 charitate
599 1442 654 1504 tua
685 1433 876 1501 abstrahere
905 1435 1024 1501 valeat.
1069 1433 1152 1513 Quid

267 1543 353 1613 enim
385 1538 460 1607 sont
483 1549 594 1607 oetera
623 1538 730 1605 omnia
763 1556 873 1604 eoram
907 1547 959 1622 te,
991 1547 1046 1604 aut
1075 1540 1154 1622 qnid
1207 1579 1210 1583 -

262 1648 342 1713 mihi
366 1648 489 1729 absque
512 1652 566 1709 tuo
594 1650 674 1708 nutu
692 1653 847 1726 ,possunt
868 1644 1013 1710 noceret
1058 1643 1152 1721 Quod
1196 1692 1198 1697 .

262 1752 292 1815 si
317 1753 358 1816 ab
381 1749 492 1832 aliquo
526 1769 577 1813 ma
600 1746 704 1829 affligi
727 1748 931 1831 permiseris,
961 1747 1024 1818 hoo
1045 1748 1151 1831 ipsum

264 1855 343 1920 mihi
365 1854 565 1938 adsalutem
589 1859 715 1931 vertas,
746 1858 779 1915 et
801 1850 843 1915 ad
864 1858 1027 1917 aeternam
1052 1853 1150 1915 vitam

266 1958 441 2044 deonerari
461 1958 574 2023 facias.
620 1952 736 2020 Amara
999 1960 1001 1964 '

555 2203 810 2265 CONSIDERATIO
827 2204 870 2264 lv,

342 2401 346 2406 .
398 2408 405 2432 1
470 2313 505 2402 ‘t‘
526 2307 573 2404 De
606 2340 672 2404 Deo
710 2331 896 2422 susceptore.

310 2461 478 2559 susceptor
500 2476 635 2557 dioitor3
669 2478 695 2550 1.
725 2477 801 2560 quia
824 2494 894 2542 eom
918 2485 1019 2544 totum
1042 2473 1163 2563 genus

262 2580 446 2644 humanum.
466 2581 646 2648 excidisset
679 2601 697 2644 a
730 2582 854 2663 salute,
887 2593 921 2644 et
956 2578 1147 2649 incurrisset

263 2691 390 2748 reatum
407 2671 621 2764 damnationis
641 2694 805 2768 aeternae,
828 2688 900 2774 ipse
923 2687 1012 2753 solos
1034 2689 1148 2753 miser·

262 2787 434 2867 marinus,
457 2790 688 2871 benignissime
716 2778 861 2871 sueram
883 2789 960 2854 iimo
986 2792 1145 2857 11111111-
1247 2776 1249 2780 ’

261 2891 339 2961 dum
359 2880 393 2955 et
413 2892 665 2984 instaurandum,
688 2902 724 2957 ut
744 2895 881 2958 salutem
895 2897 1049 2977 eonseqni
1068 2916 1146 2980 pos·

261 3001 339 3076 1111
361 2991 457 3079 juxta
488 2995 566 3065 illud
589 2993 667 3077 Lno.
691 2996 727 3059 2:
771 2997 916 3077 Suscepit
947 2999 1050 3070 Israel
1068 3019 1145 3084 prae-

260 3085 455 3184 rumenam,
473 3101 655 3167 recordatos
671 3087 909 3177 ,miserirordiae
929 3120 1016 3171 eoae.

299 3202 337 3268 ’2.
361 3202 441 3279 Onia
465 3205 558 3267 etiam
582 3204 727 3268 inimieos
753 3221 859 3294 suos„
879 3224 899 3289 a
929 3206 1044 3287 quibus
1067 3227 1144 3289 gra·

261 3305 406 3394 vissimis
435 3307 560 3392 injuriis
584 3308 719 3374 aflectus
741 3318 808 3389 est,
840 3309 868 3371 si
896 3310 938 3374 ad
965 3293 1144 3391 11111111-

260 3410 336 3478 dire
349 3413 474 3491 veiint,
495 3412 709 3477 libentissime
740 3413 902 3495 suseipits
926 3431 1038 3494 omnes
1060 3412 1145 3497 inju-

503 3511 506 3516 .
887 3503 974 3581 μ,-
