2817 4317
264 560 328 628 312

264 743 304 797 lle
322 743 472 798 altitudine
490 743 540 798 Dei
608 784 1051 802 ........
1101 750 1144 804 tlt

262 831 401 886 Precatio.
434 831 478 884 Ad
497 833 673 887 altitudinem
695 831 745 886 Dei
791 872 798 886 .
852 873 859 886 .
913 876 920 890 .
979 876 985 889 .
1045 876 1050 886 .
1102 840 1142 893 tot

262 919 302 973 lle
320 919 506 974 immensitate
524 921 575 974 Dei
604 962 1051 983 ........
1103 928 1145 982 252

262 1006 401 1062 Precatio.
437 1007 480 1062 Ad
498 1009 712 1064 immensitatem
731 1010 780 1063 Dei
852 1052 858 1064 .
915 1053 921 1066 .
978 1052 986 1067 .
1043 1056 1050 1068 .
1104 1016 1141 1069 rto

264 1098 304 1151 lle
326 1096 449 1152 bonitate
468 1098 519 1150 nei
546 1137 1052 1153 .........
1105 1104 1142 1157 251

263 1186 394 1240 Precatio
413 1186 432 1238 l.
464 1184 507 1239 Ad
528 1184 679 1240 bonitatem
699 1185 748 1239 Dei
790 1226 1049 1243 .....
1104 1190 1147 1245 253

262 1274 393 1329 Precatio
413 1273 443 1325 ll.
481 1272 524 1325 Ad
542 1273 655 1328 eandem
1103 1279 1147 1333 260

262 1365 302 1418 lle
321 1361 466 1417 dulcedine
486 1361 536 1413 ilci
1103 1367 1145 1422 261

262 1451 401 1508 Precatio.
437 1450 480 1503 Ad
500 1449 671 1504 dulcedinem
694 1451 745 1504 Dei
789 1492 1050 1505 .....
1102 1453 1148 1508 263

263 1535 524 1609 Depulcbritudiue
544 1537 593 1590 Dei
665 1580 671 1592 .
726 1579 733 1591 .
788 1580 795 1590 .
850 1579 856 1592 .
916 1583 922 1594 .
977 1581 983 1593 .
1042 1580 1049 1594 .
1102 1543 1148 1597 263

262 1624 399 1682 Precatio.
437 1625 479 1677 bd
499 1624 730 1693 pulchritudinem
750 1625 800 1679 Dei
850 1666 856 1678 .
913 1667 919 1679 .
976 1669 982 1680 .
1041 1671 1047 1681 .
1102 1630 1147 1685 266

263 1715 302 1769 lle
321 1712 473 1766 sanctitate
493 1710 541 1763 Dei
1101 1716 1147 1771 267

262 1799 398 1856 Precatio.
435 1799 478 1851 Ad
499 1797 673 1851 sanctitatem
694 1798 744 1851 Dei
793 1840 1048 1854 .....
1102 1802 1147 1856 269

262 1888 303 1941 lle
322 1885 500 1956 simplicitate
518 1890 546 1938 et
563 1886 685 1954 puritate
709 1886 756 1939 Dei
792 1926 1047 1943 .....
1101 1894 1143 1946 271

261 1972 399 2030 Precatio.
427 1973 469 2025 Ad
490 1970 695 2042 simplicitatem
713 1979 744 2028 et
761 1974 911 2043 puritatem
931 1975 983 2029 llci
1040 2018 1047 2030 .
1101 1980 1146 2033 274

261 2064 301 2117 lle
321 2059 544 2114 immutabilitate
563 2059 613 2112 Dei
666 2100 1047 2117 .......
1101 2066 1146 2119 ’275

261 2149 392 2205 Precatio
412 2146 429 2200 l.
467 2148 508 2201 Ad
528 2146 776 2202 immutabilitatem
795 2147 844 2201 Dei
914 2190 920 2201 .
977 2191 984 2203 .
1041 2190 1047 2203 .
1102 2155 1145 2207 tn

261 2236 392 2292 Precatio
412 2236 442 2288 ll.
479 2236 522 2288 Ad
541 2234 658 2288 eandem
1101 2240 1142 2296 278

262 2325 300 2378 lle
319 2323 386 2390 Deo,
405 2329 433 2375 ut
453 2329 497 2376 est
515 2327 598 2391 pater
617 2321 703 2376 luturi
722 2324 854 2377 sacculi.
909 2362 917 2377 .
975 2366 982 2377 .
1038 2369 1044 2380 .
1101 2328 1141 2384 219

262 2411 399 2467 Precatio.
436 2411 477 2464 Ad
498 2409 582 2463 Deum
603 2414 693 2464 utest
712 2416 864 2481 pateretc.
909 2453 916 2466 .
971 2453 978 2466 .
1036 2456 1042 2467 .
1101 2417 1143 2471 281

261 2501 301 2554 De
320 2498 491 2552 beatitudine
510 2498 559 2549 [lei
603 2537 1045 2555 ........
1102 2505 1145 2559 283

262 2587 394 2643 Precatio
410 2587 427 2639 l.
447 2587 488 2640 Ad
505 2586 701 2641 beatitudinem
719 2586 768 2640 Dei
790 2626 1046 2644 .....
1102 2591 1145 2646 286

261 2675 392 2732 Precatio
412 2676 441 2728 ll.
479 2675 522 2727 Ad
541 2676 656 2728 eandem
728 2715 1047 2731 ......
1101 2680 1146 2734 387

260 2762 488 2819 Precatiuncnlae
503 2761 697 2832 jaculatoriae
717 2763 849 2819 fundatae
870 2764 896 2816 in
917 2766 964 2817 via
984 2764 1045 2819 uni·

329 2852 388 2904 tiva
415 2851 587 2920 singularum
613 2850 867 2906 considerationum
887 2850 1042 2908 affectibus

331 2937 539 2992 subservientes

261 3023 385 3083 Litaniae
405 3026 439 3078 de
459 3023 613 3078 nominibus
634 3025 683 3078 [lei
729 3065 1046 3081 ......
1096 3030 1145 3085 601
