2817 4317
1059 530 1102 597 45

304 820 494 895 nonnos
516 819 652 896 nesus
675 820 759 893 ine
777 818 1015 893 innennne.
1083 769 1085 771 ’

521 968 634 1031 ACTUS
652 967 801 1029 TIMORIS.

541 1107 773 1191 Documentum.

267 1242 395 1309 Praeter
409 1244 499 1325 fidem
524 1263 582 1327 pro
606 1248 753 1311 ulteriore
766 1264 864 1327 poeto
889 1246 922 1310 in
945 1245 999 1310 via
1013 1244 1096 1311 Pur-

217 1346 328 1428 gativn
356 1349 495 1430 postolat
518 1350 729 1417 tridentinum
757 1358 863 1418 ectum
895 1354 1031 1430 timoris,
1060 1354 1099 1424 ete

215 1456 452 1537 quotastoeet
466 1453 556 1521 Sese.
579 1454 608 1521 6.
632 1474 659 1521 o.
683 1454 714 1519 6.
737 1456 963 1540 Disponuntnr
984 1456 1027 1520 ed
1049 1456 1099 1539 ip·

214 1558 478 1642 seminatione,
509 1560 584 1626 dnm
606 1568 802 1646 pennatoree
825 1581 864 1625 se
886 1581 962 1626 esee
980 1560 1099 1626 inteili-

212 1670 347 1746 gentee‚
376 1683 396 1729 e
419 1662 549 1730 divinae
567 1664 715 1749 justitiae
738 1665 853 1731 timore
876 1666 998 1731 utiliter
1020 1684 1097 1732 oon·

213 1765 386 1832 ontinntnr.
430 1767 471 1835 Et
490 1770 595 1854 infra:
617 1771 666 1835 De
684 1770 748 1836 hee
769 1770 981 1853 dispositione
995 1770 1096 1853 sonip-

212 1877 279 1944 tum
295 1877 364 1953 est3
382 1871 492 1940 Timor
506 1873 633 1939 Domini
648 1872 784 1956 expellit
799 1879 978 1955 peoontnm.
1002 1873 1097 1940 Ecelt

213 1990 283 2055 eop.
298 1974 331 2037 -1,
437 2026 443 2032 .

259 2078 376 2145 Timeri
402 2079 473 2148 ieie
494 2082 688 2150 conciliendo
722 2083 808 2148 utitis
826 2084 1032 2150 consideratio
1054 2082 1096 2147 de

210 2182 292 2264 Deo,
315 2190 351 2248 ut
368 2190 421 2249 eet
431 2183 534 2269 judex
558 2188 706 2252 vivorum
728 2196 762 2252 et
776 2194 981 2253 mortuorum.
1017 2188 1097 2255 Item
1236 2207 1239 2211 ·

211 2287 255 2352 de
277 2288 415 2359 Domino
444 2310 552 2359 rernm
570 2294 725 2375 omnium,
754 2299 786 2360 et
805 2312 831 2360 e.
854 2292 933 2360 Item
961 2294 1004 2360 de
1025 2292 1096 2359 Deo

212 2392 438 2472 gubernatore.

509 2622 764 2689 coNslonRATio
782 2624 801 2683 1.

240 2760 289 2827 De
311 2761 389 2841 Deo,
411 2763 446 2830 ui
471 2744 518 2827 eet
533 2763 634 2842 judee
659 2766 800 2827 eteorum
819 2762 848 2824 et
865 2764 1066 2824 mortuorum.

256 2905 381 2972 Dioitnr
414 2909 689 2989 metumientem,
724 2907 798 2989 quie
822 2904 948 2987 judicet
982 2924 1093 2970 omnes

214 3012 348 3093 animae,
369 3012 465 3076 simui
487 3019 585 3094 etque
607 3010 821 3076 disoedunta
846 3025 995 3092 oorpore.
1023 3008 1095 3074 Hoo

216 3122 322 3181 eutem
348 3115 507 3200 jndioium
540 3118 590 3181 sio
618 3115 794 3198 peragitur.
839 3113 875 3178 in
905 3113 1008 3196 primo
1043 3112 1093 3177 in·

215 3220 313 3285 stanti
344 3220 561 3304 separationis
605 3218 800 3303 objiciuntur
833 3220 932 3283 menti
965 3218 1092 3282 illarum

216 3325 322 3390 omnio
355 3327 439 3391 bone
470 3332 504 3393 et
533 3325 616 3390 mele
649 3344 734 3408 qnae
760 3342 900 3408 unquam
933 3323 1092 3387 fecerunt.

216 3426 342 3496 Deinde
361 3426 477 3500 eodem
498 3434 658 3494 momento
680 3426 792 3493 vident
813 3429 919 3507 olere,
942 3434 1095 3509 qnantum
