2817 4317
1099 538 1139 609 31

263 734 315 801 dit
336 733 484 801 omnibus
499 730 596 817 bujus
613 731 719 797 muudi
737 732 943 815 amatoribus,
964 732 1052 798 vitae
1072 732 1143 797 isti·

262 858 301 904 us
324 859 384 923 per
406 845 540 906 mortem
564 837 713 921 eorporis
729 837 879 902 disousso
894 856 1017 919 somno,
1037 844 1143 904 mente

262 941 293 1007 in
320 941 425 1009 luoem
448 942 582 1008 alterius
604 941 728 1006 saeouli
750 941 1008 1025 expergiscente.

307 1045 394 1111 Nibil
418 1046 515 1129 igitur
536 1045 662 1110 illorum
687 1064 789 1109 amem
814 1052 868 1109 aut
884 1045 1063 1125 aestimem,
1085 1046 1146 1110 sed

260 1158 296 1217 te
317 1149 437 1231 solum,
468 1157 501 1214 et
527 1151 612 1215 bona
639 1155 709 1228 tua,
736 1170 819 1233 quae
848 1151 880 1214 in
909 1157 942 1215 te
965 1151 1143 1231 recondita,

266 1272 351 1335 quae
372 1260 406 1317 tu
427 1253 500 1339 ipso
521 1271 569 1333 es,
593 1253 709 1335 quibus
731 1255 876 1320 fruentur
892 1261 1066 1336 aeteruum,
1089 1254 1144 1338 qui

263 1357 354 1423 bisne
369 1357 501 1424 oaduois
518 1357 721 1441 contemptis,
736 1358 793 1422 tibi
804 1357 1009 1425 inhaeserint.
1028 1357 1144 1425 Amem

263 1468 297 1528 ta
318 1480 419 1545 supra
442 1461 564 1543 omnia,
593 1466 626 1525 et
654 1480 784 1546 semper
806 1464 947 1530 serviam
969 1464 1046 1530 tibi:
1070 1464 1145 1547 quia

262 1563 383 1632 infinite
406 1565 519 1631 melior
541 1565 577 1630 ea
600 1567 758 1650 omnibus,
780 1574 814 1633 et
837 1567 964 1653 dignus,
986 1577 1022 1634 ut
1043 1567 1145 1634 omnis

261 1688 369 1753 amor,
401 1670 506 1737 omnis
537 1671 780 1755 benevolentia,
812 1674 915 1739 omnis
952 1674 1145 1755 benedictio,

262 1774 369 1842 omnis
398 1775 588 1859 gratulatio,
613 1775 716 1841 omnis
739 1776 857 1858 gloria,
880 1776 982 1842 omnis
1003 1779 1147 1843 servitus

266 1878 323 1945 tibi
352 1880 394 1945 ab
420 1880 506 1945 omni
533 1885 683 1945 ereatura
707 1880 740 1944 iu
768 1899 893 1948 omnem
921 1882 1146 1949 aeternitatem

264 1982 432 2049 deteratur
455 1991 488 2050 et
509 1984 724 2069 impendatur.

545 2176 803 2240 CONleERATlo
820 2178 866 2242 lv.

444 2296 492 2365 lle
509 2298 582 2374 Deo,
605 2304 639 2364 ut
661 2304 706 2363 est
726 2298 827 2381 pluria
848 2303 966 2364 nostro.

313 2421 421 2486 Gloria
456 2424 567 2487 nostru
596 2420 715 2486 dieitur
747 2420 851 2500 Deus,
889 2428 952 2484 tum
990 2418 1150 2499 effective,

267 2528 334 2587 tum
357 2522 531 2606 objeotive.
577 2524 723 2609 Effectioe
745 2522 888 2606 quidem,
912 2530 976 2588 tum
1001 2523 1076 2605 quia
1099 2529 1151 2586 est

264 2646 366 2692 oausa
388 2628 524 2692 omnium
555 2630 711 2692 bonorum
738 2636 934 2710 nostrornm,
962 2626 1004 2692 de
1034 2627 1149 2710 quibus

265 2733 300 2798 in
339 2733 401 2798 bao
436 2731 505 2796 vita
541 2733 649 2815 aliquo
678 2730 775 2796 modo
804 2731 936 2812 gloriari
968 2747 1150 2813 possumus,

266 2846 333 2903 tum
357 2835 433 2920 quia
457 2843 509 2900 est
530 2854 630 2900 eausa
645 2835 770 2917 gloriae
793 2834 878 2899 illins
902 2834 1149 2899 sublimissimae

265 2948 300 3005 et
323 2948 476 3004 aeternae
492 2940 588 3005 futuri
611 2940 744 3020 saeouli,
768 2946 800 3002 et
822 2938 959 3003 omnium
983 2941 1149 3015 bonorum,

266 3065 310 3109 ex
348 3044 463 3126 quibus
499 3042 555 3107 illa
593 3050 753 3127 tamquam
794 3042 951 3123 splendor
987 3041 1149 3107 emirabit.

268 3148 424 3231 objectiva
438 3166 536 3230 vero,
561 3148 635 3230 quia
651 3147 723 3231 ipse
746 3152 797 3210 est
811 3144 982 3230 objeotum,
1002 3164 1151 3210 mensura

267 3257 301 3317 et
315 3252 388 3317 tons
403 3252 506 3316 omnis
521 3252 657 3335 gloriae,
679 3258 713 3315 et
727 3250 904 3316 beatissimi
926 3250 1013 3314 illius
1036 3255 1151 3331 status,

266 3360 298 3425 in
332 3378 397 3443 quo
427 3377 540 3425 omnes
569 3360 657 3424 beati
686 3359 791 3443 ipsum
814 3357 974 3436 videndo,
1005 3354 1153 3437 amando,

271 3463 451 3548 gustando,
481 3482 539 3527 seu
561 3461 721 3546 truendo,
750 3462 997 3544 deificabuntur,
1024 3467 1057 3525 et
1085 3457 1154 3524 dei·
