2817 4317
322 559 385 627 132

320 753 449 817 flumina
479 752 553 816 vino
583 760 615 815 et
638 751 723 815 lacte
756 748 951 828 redundant,
985 756 1019 813 et
1049 751 1206 813 bonerum

323 858 512 923 coelestium
537 857 718 939 apothecae
742 857 913 938 expositae
929 860 1004 917 sunt
1019 852 1108 917 iuter
1125 872 1205 916 mur·

321 964 414 1044 talea,
438 943 480 1024 en
504 961 618 1042 quibus
642 961 735 1024 brevi
758 969 923 1042 tempore,
944 959 1036 1023 facili
1059 958 1203 1042 negotiu,

323 1068 353 1129 iu
388 1086 513 1131 omnem
545 1067 768 1130 aeternitatem
799 1065 917 1129 divites
948 1072 980 1128 et
1011 1084 1115 1147 pares
1139 1062 1203 1128 Au·

322 1172 405 1253 galis
428 1171 513 1235 effici
538 1188 721 1253 possumus,
788 1161 792 1167 ’

270 1297 291 1351 4
365 1276 435 1339 Tibi
453 1274 569 1356 gloria,
588 1274 647 1338 tibi
670 1274 857 1339 benedictio
876 1282 909 1342 et
925 1274 1103 1355 gratiarum
1123 1275 1202 1338 actio

323 1384 363 1445 ab
386 1380 469 1445 omui
493 1385 642 1444 creatura
665 1378 694 1440 in
720 1374 821 1442 coelo'
839 1386 871 1443 et
893 1378 923 1440 in
949 1385 1045 1455 terra,
1080 1397 1101 1440 ο
1134 1398 1203 1440 sau·

320 1485 441 1549 utitatis
475 1485 603 1548 auctor!
634 1491 723 1546 tuum
755 1475 890 1547 honest
913 1481 1123 1562 beneficium,
1155 1491 1203 1545 tua

323 1588 573 1673 philanthropia«
615 1588 664 1651 Tu
698 1587 790 1650 nobis
826 1579 979 1653 Sanctum
1018 1595 1204 1652 sanctornm

326 1693 465 1772 dedisti,
503 1701 535 1755 et
562 1691 592 1753 iu
624 1691 699 1774 ipso
736 1692 857 1755 iontem
895 1689 990 1755 nobis
1029 1710 1204 1772 perennem

324 1796 589 1861 sanctificationis
612 1796 819 1875 constituisti,
837 1796 1072 1861 incitationem
1095 1812 1206 1875 pecuu-

323 1906 401 1967 turia
431 1907 459 1965 et
489 1905 710 1966 menstruatae.
766 1900 858 1963 Hunc
888 1907 923 1961 tu
955 1917 1015 1981 per
1054 1900 1207 1981 teipsum,

323 2014 408 2071 tuam
431 2006 633 2070 sanctitatem
657 2005 703 2067 illi
726 2003 956 2084 impertiendo,
988 2005 1208 2084 sanctificasti,

321 2118 353 2172 et
375 2128 436 2189 per
459 2110 542 2171 huuc
563 2116 701 2172 caterua.
749 2104 803 2171 Ab
826 2108 888 2173 hoc
916 2104 1079 2173 sanctitad
1104 2110 1207 2173 omnia
1246 2137 1247 2145 ¹

325 2220 432 2275 manat
454 2211 658 2295 iu'symbula
682 2218 815 2275 externa
845 2232 903 2275 seu
926 2212 1160 2296 Sacramenta3
1193 2235 1210 2277 a

325 2316 484 2399 symbolis
507 2334 713 2399 percorpus
736 2316 970 2382 transfunditur
997 2319 1027 2381 in
1051 2321 1210 2400 animam3

326 2424 367 2483 ab
386 2422 490 2484 anima
515 2419 673 2483 redundat
694 2422 726 2483 in
746 2439 880 2503 corpus,
916 2427 948 2481 et
978 2420 1009 2482 iu
1034 2439 1141 2504 opera
1165 2424 1211 2485 in·

266 2565 272 2577 ·
326 2535 432 2606 tarna3
456 2528 496 2604 ab
520 2523 673 2606 operibus
697 2525 832 2588 internis
857 2524 898 2586 ad
918 2532 1071 2588 externa:
1105 2535 1142 2589 ut
1166 2528 1211 2591 sic

325 2637 412 2698 totus
435 2630 543 2708 homo,
566 2635 699 2710 totaque
722 2631 788 2693 vita
811 2629 915 2711 ipsius
930 2638 1052 2709 sancta,
1069 2630 1128 2692 tibi
1155 2632 1210 2694 de·

325 2743 404 2797 vota
426 2741 459 2797 ct
481 2740 674 2797 consecrata
696 2735 747 2820 sit,
770 2743 803 2798 et
823 2755 842 2797 a
865 2744 898 2797 te
913 2753 1068 2798 summum
1090 2736 1210 2801 bouum

325 2850 357 2902 et
375 2837 515 2901 ultimum
541 2837 646 2917 finem,
670 2840 754 2903 unde
778 2838 940 2922 processit
962 2838 1156 2921 reducatur,
1180 2850 1210 2905 et

324 2942 354 3003 in
381 2951 411 3003 te
433 2943 587 3022 quiescat.
633 2940 690 3007 Sic
713 2947 1001 3008 creaturamtuam
1031 2943 1072 3005 ad
1099 2950 1134 3006 te
1160 2965 1211 3009 re·

322 3064 441 3124 vocas,
476 3046 524 3109 sic
556 3048 722 3111 consortio
751 3056 805 3111 tuo
835 3047 964 3127 dignam
998 3046 1093 3134 fauiS.
1143 3048 1210 3112 Fac

320 3159 362 3216 ut,
387 3170 426 3211 ex
458 3149 521 3215 hoc
551 3151 640 3215 fonte
671 3150 802 3215 assidue
828 3151 982 3229 hauriam,
1005 3151 1143 3216 assidue
1165 3154 1210 3216 ia·

321 3275 397 3335 ver,
438 3263 472 3317 ut
505 3253 652 3318 dealbem
693 3254 810 3319 stolam
840 3275 942 3318 meam
977 3255 1009 3316 in
1045 3258 1209 3339 sanguine

320 3354 421 3439 Agui.
466 3358 701 3441 Ampliusdueu
722 3378 771 3424 me
801 3359 840 3423 ab
868 3360 1030 3438 iniquitute
1062 3377 1154 3440 meu,
1186 3365 1212 3425 et

320 3480 341 3526 u
370 3468 496 3544 peceato
528 3451 594 3529 meu
629 3466 745 3529 munde
778 3481 834 3529 me.
879 3462 1015 3543 Asperqe
1050 3480 1101 3529 me
1137 3464 1211 3548 Itys·
