2817 4317
260 566 326 639 290

262 762 355 828 istius
378 758 491 846 (eujus
521 761 706 845 praestigiis
746 760 892 843 plerique
916 763 1060 846 pereunt

263 867 390 947 niteteS,
409 867 563 948 pericula,
587 874 620 929 et
650 874 856 932 aeternorum
880 869 1052 951 bonerum,

263 969 359 1037 nobis
382 969 413 1034 iu
437 977 469 1034 te
504 974 727 1053 praeparasti,
763 970 996 1036 excellentiam
1026 980 1058 1037 et

264 1076 394 1139 vitatem
418 1074 579 1155 possimus
603 1091 817 1156 negnnsnere.
861 1073 933 1141 Fae
954 1085 994 1141 ut
1024 1077 1058 1141 ill

263 1180 313 1244 bis
335 1198 466 1262 semper
484 1179 525 1242 ob
548 1178 661 1243 oeulos
684 1187 865 1258 versentur,
890 1187 924 1242 et
939 1182 1060 1247 vehem

264 1283 295 1345 in
319 1281 573 1347 animisnostris
596 1282 845 1364 impressionem
867 1284 1004 1365 saniant,
1028 1306 1060 1369 qr

266 1388 461 1455 undenorum
485 1389 623 1453 omnium
646 1397 882 1472 eontempturn,
914 1398 948 1452 et
981 1390 1024 1454 ad
1049 1411 1060 1454 r

271 1512 384 1558 norum
408 1510 549 1560 amorem
572 1509 613 1555 au
643 1490 780 1555 studium
803 1491 1023 1574 impellantur.

269 1615 363 1680 quem
378 1595 573 1672 fleecesnant
586 1592 761 1673 desideria,
783 1594 937 1675 suspirie,
961 1602 996 1658 et
1020 1612 1060 1660 co

265 1701 379 1781 nostri,
394 1699 506 1788 donee
528 1697 570 1780 ad
593 1696 800 1781 vitaehujus
823 1698 995 1763 terminum
1015 1720 1060 1782 pe

268 1784 468 1886 tumfuerit5
497 1803 528 1866 in
552 1785 615 1884 quo
639 1821 700 1883 per
722 1798 862 1884 gratiam
884 1810 973 1865 tuam
998 1791 1059 1885 dig

269 1909 434 1976 veniamur
453 1926 563 1990 regno,
578 1915 632 1970 tue
657 1892 690 1970 et
713 1909 820 1989 quiete
844 1907 901 1971 illa
922 1916 1060 1984 aeterne

267 1998 514 2083 omnes‘Saneti
535 2009 566 2072 in
580 2016 621 2071 -te
642 2009 753 2075 ultimo
769 2008 840 2073 -fine
863 2016 897 2074 et
918 2030 1049 2087 summo

268 2133 345 2197 suo,
375 2130 435 2204 per
457 2098 614 2179 visionem
638 2123 676 2179 et·
703 2100 873 2195 amoremp
902 2133 976 2179 eum
999 2116 1060 2181 ine:

269 2219 399 2303 gaudio,
424 2222 562 2285 omnium
582 2227 731 2285 votorum
754 2209 1060 2304 suorumeompotr

267 2323 353 2405 teeti,
375 2325 590 2413 requiescent.
634 2322 749 2390 Amen.

269 2555 478 2668 iarulateriae
506 2574 764 2682 pretatiunrulae
785 2540 933 2657 mutatae
960 2588 993 2658 in
1026 2591 1060 2661 ri

259 2683 559 2806 'tivaasinguiarum
589 2688 868 2863 eosnesrigieergttignum
894 2690 1060 2767 effantibus

417 3004 449 3064 1.
471 2969 624 3089 Affectus
645 3001 774 3089 infimae
796 3005 1016 3074 adorationis.

270 3135 342 3205 Erga
360 3136 460 3212 Deum,
488 3123 614 3206 quatenus
642 3145 682 3190 est
700 3142 810 3209 primurn
837 3162 924 3194 rarum
950 3150 1060 3202 oninium

577 3268 585 3288 f
659 3245 764 3296 cuprum.
801 3256 805 3259 ·
875 3274 877 3278 ,

321 3350 424 3418 Venite
444 3354 639 3433 etaemus„
660 3362 689 3420 et
714 3360 915 3439 precinamus
938 3370 1015 3429 unte
1040 3365 1060 3429 L

270 3454 427 3544 ploramus
457 3474 565 3564 menn
581 3457 730 3568 ,Daminn
763 3466 814 3544 qui
844 3462 918 3546 fecit
955 3486 1039 3533 nos:
