2817 4317
262 545 364 611 90.

264 733 456 818 sapientiam
472 747 573 814 suam,
589 738 688 798 totum
704 743 854 814 amorem,
873 739 973 797 toturn
991 732 1144 814 gaudium

264 841 356 903 sunm
381 829 414 901 a'·
428 838 539 921 seipso
575 837 673 900 habet
704 844 767 900 tam
803 859 843 900 ex
879 842 974 920 parte
1014 839 1145 924 objecti,

266 947 361 1025 qoam
385 960 427 1006 ex
447 947 543 1024 ¹parte
566 940 687 1023 ipsius,
722 945 756 1003 ut
777 941 826 1005 sio
846 941 958 1021 dicam,
980 949 1079 1007 aetus
1101 945 1145 1009 vi·

203 1109 208 1114 ,
263 1045 354 1128 talis,
377 1047 423 1110 ita
445 1054 545 1110 totam
567 1045 675 1116 vitam,
688 1064 778 1109 suam
799 1066 842 1109 ex
864 1049 1005 1125 utroque
1027 1049 1146 1131 eapite,

265 1157 298 1215 et
320 1150 495 1214 seeundum
526 1157 692 1232 utramque
721 1131 1061 1223 considerationem
1097 1172 1145 1217 se·

224 1315 226 1320 .
261 1255 335 1338 ipso
357 1253 463 1331 habet.
653 1263 660 1268 “

306 1357 337 1423 3.
360 1357 500 1422 Dioitur'
517 1360 582 1424 vito
603 1358 740 1423 omnium
765 1380 887 1434 rernm,
919 1342 1024 1437 etiam*
1042 1359 1146 1443 poesi·

262 1457 389 1539 biliam
420 1447 596 1528 seeundum
618 1481 692 1527 esee
711 1460 920 1545 objeotivnn
934 1468 967 1525 et
989 1462 1144 1547 intelligi·-

264 1565 338 1632 bile.
372 1550 483 1631 Omnia
506 1566 590 1630 enim
613 1570 644 1630 in
667 1565 724 1629 itlo
746 1567 858 1631 vivunt
873 1586 933 1651 per
948 1584 1025 1629 suae
1052 1567 1143 1633 idest

266 1676 301 1733 et
323 1676 502 1751 oonoeptue
524 1677 693 1753 aeternos,
716 1672 830 1752 quibus
852 1670 916 1735 iiia*
931 1669 1097 1753 oonoipit‚
1119 1677 1147 1734 et

262 1771 433 1855 intelligit3
474 1792 533 1856 per
561 1773 640 1837 illos
673 1774 754 1838 euim
790 1781 970 1858 oonoeptus
995 1774 1148 1840 'existunt

225 1931 227 1938 Α
263 1876 374 1941 omnia
396 1876 428 1940 in
451 1885 557 1948 mente
580 1877 689 1942 divina
712 1865 1073 1961 objeotivesetlneent
1089 1895 1147 1942 non

255 1980 376 2063 'minue
399 1999 439 2046 ao
459 1982 489 2045 'si
510 1982 591 2046 foris
613 1982 798 2047 existerent.
841 1978 953 2062 Atque
966 1978 1032 2045 hoo
1052 1982 1146 2051 modo

263 2084 424 2168 aooipiunt
459 2077 625 2167 'quoddam
659 2104 735 2151 esse
766 2085 864 2150 vitale
907 2091 939 2149 et
970 2090 1147 2163 aeternum,

266 2188 355 2271 quod
368 2187 457 2262 ¹nihil
476 2195 527 2264 est
549 2188 647 2270 atiud,
671 2207 764 2271 quam
788 2207 808 2252 a
830 2173 936 2252 noento
949 2172 1080 2252 ‘divina
1103 2188 1145 2251 in·

264 2292 377 2375 teltigi.
420 2283 557 2355 Ratione
589 2290 686 2374 hujus
710 2299 886 2374 oonoeptns
917 2281 1033 2353 vitatis
1062 2308 1145 2378 *om-

188 2467 192 2472 ,
266 2396 321 2462 nia
343 2396 492 2459 dieantur
514 2395 628 2459 vivere
648 2396 679 2458 in
695 2395 773 2476 Deo,
797 2397 879 2460 sieut
893 2409 975 2479 opos
991 2395 1025 2458 io
1042 2402 1147 2461 mente

231 2566 235 2571 ,
263 2497 405 2565 artificis.
545 2490 548 2494 ’
890 2493 893 2499 ’
1020 2584 1022 2587 ¹

307 2602 427 2679 Quarto
450 2600 659 2684 penuliariter
681 2601 798 2667 dieitur
820 2606 885 2669 vita
906 2601 1038 2667 nostre:

309 2707 336 2771 1.
359 2704 441 2783 onia
458 2724 529 2771 oum
552 2688 669 2770 nortui
691 2726 838 2772 essemus
855 2705 1011 2789 peeoetis,
1035 2717 1074 2774 et
1094 2709 1147 2775 ad·

264 2805 341 2876 dieti
364 2811 457 2875 morti
481 2817 648 2891 aeternae,
680 2828 764 2892 qnae
785 2830 872 2875 mors
897 2809 1046 2899 secunda
1072 2813 1147 2880 dioi-

264 2922 331 2995 tur,
365 2915 436 2999 ipse
460 2915 500 2980 ab
522 2921 658 2997 utraque
684 2933 746 2980 noe
770 2934 829 2999 per
851 2913 926 2978 Filii
947 2920 1091 2980 mortem
1113 2917 1148 2981 ti·

266 3020 394 3086 beravit
423 3026 456 3084 et
489 3013 751 3101 vitam'gratiae‚
775 3036 949 3102 perquam
972 3020 1147 3103 possemus

262 3118 436 3207 pervenire
459 3117 504 3187 aa
524 3123 622 3187 vitam
646 3130 821 3202 aeternam,
845 3121 938 3184 nobis
960 3120 1094 3187 infudit

274 3289 277 3294 .
306 3229 335 3293 2.
358 3227 440 3306 Quia
468 3243 531 3290 non
561 3227 663 3290 semel
683 3213 816 3291 'rantum
844 3225 897 3287 vel
919 3224 970 3288 bie
999 3233 1145 3295 mortuos

261 3328 406 3416 peoeatis
432 3328 609 3411 vivitioat,
626 3329 684 3394 sed
708 3329 832 3396 eentiee
853 3334 887 3391 et
908 3328 1045 3412 millies3
1088 3333 1145 3405 inno

188 3427 190 3431 ⁴
261 3442 394 3517 paratus
415 3440 599 3499 estssomnes
622 3432 751 3497 omnino
766 3437 982 3515 peccatores)
998 3437 1143 3518 quotiea-
