2817 4317
1085 603 1150 670 235

264 801 347 864 enim
373 797 427 863 illi
446 806 495 862 est
519 800 621 862 instar
644 798 792 876 omnium,
817 803 850 859 et
870 796 988 859 infinite
1013 797 1148 879 amplius

265 924 360 986 quam
384 904 439 965 iiia
462 905 580 967 omnia.

309 1008 361 1072 Ex
383 1028 423 1071 eo
447 1006 534 1088 (lund
555 1007 639 1071 Dans
654 1009 694 1069 sit
709 1002 849 1085 infinitus
862 1005 1030 1067 secandum
1045 1020 1150 1067 essen·

264 1115 350 1192 tiam,
374 1129 577 1192 consequens
598 1116 662 1189 est,
687 1097 728 1170 ⁴nt
750 1108 821 1189 ipss
844 1126 972 1190 quoqne
995 1125 1149 1170 necessa·

265 1215 316 1279 rio
356 1214 398 1277 sit
435 1213 575 1277 infinitus
618 1212 796 1275 secundum
832 1229 957 1274 omnem
991 1209 1148 1273 rationem

264 1319 488 1401 perfectionis,
510 1337 594 1399 qnae
609 1318 680 1404 ipsi
704 1317 877 1399 competit:
901 1334 1017 1408 nempe
1033 1333 1149 1377 secun-

266 1423 625 1505 dum-magnitudinem,
648 1424 834 1505 potentiam,
857 1419 1059 1501 sapientiam,
1075 1437 1149 1481 san·

265 1517 430 1601 ctitatem,
443 1526 683 1607 benignitatem,
697 1511 968 1612 'misericordiam
980 1523 1149 1607 justitiam,

265 1629 545 1712 pulchritudinem,
567 1638 628 1693 etc.
660 1630 756 1692 Ratio
779 1630 872 1693 esti.
890 1615 967 1709 quia
988 1628 1150 1690 essentiae

264 1732 409 1798 infinitae
433 1751 497 1797 non
513 1726 895 1816 'congruunt‘ejnsmodi
927 1732 1149 1812 perfectiones

263 1837 326 1898 nisi
349 1837 380 1899 in
405 1836 508 1917 gradu
528 1823 578 1899 ⁴et
607 1837 812 1918 perfectione
844 1835 977 1898 infinita.
1008 1834 1150 1898 'Debent

263 1940 349 2006 enim
373 1959 448 2002 esse
472 1958 677 2022 commensae
711 1946 745 2003 et
767 1940 972 2021 adaequatae
1004 1939 1063 2020 ipsi
1092 1957 1149 2001 es-

262 2045 402 2126 sentiae,
425 2065 466 2108 ex
490 2064 554 2126 qna
578 2054 693 2107 nostro
717 2045 813 2109 modo
841 2043 1044 2125 concipiendi
1068 2060 1148 2124 quo·

264 2147 439 2225 dammodo
463 2148 614 2211 videntur
637 2166 779 2212 manare.
819 2149 849 2212 2.
875 2147 955 2225 Quia
987 2166 1048 2228 per
1080 2146 1150 2208 uni·
1177 2204 1179 2208 ,

264 2270 336 2315 cam
367 2248 638 2335 simplicissimam
669 2254 805 2316 formam
839 2253 967 2335 omnipo
997 2250 1149 2330 infinitam

264 2363 299 2420 et
320 2356 509 2419 iiiimitatam
526 2357 596 2421 Deo
612 2366 799 2440 competunt
816 2357 898 2421 istae
913 2356 1150 2439 perfectiones:

264 2478 329 2524 non
354 2461 436 2525 enim
470 2467 545 2523 sunt
575 2478 675 2524 verae
699 2459 920 2543 proprietates
943 2478 983 2522 ex
1008 2458 1150 2547 essentia

268 2573 522 2646 promanantes3
546 2563 605 2627 sed
629 2571 703 2628 sunt
725 2564 865 2646 ipsamet
879 2555 1022 2645 'essentia
1040 2561 1149 2632 divina

266 2688 326 2752 per
349 2686 386 2730 se
416 2669 612 2744 subsistens,
645 2688 663 2731 a
697 2670 791 2730 nobis
823 2667 1038 2748 inada'equate
1070 2686 1149 2731 con-

264 2778 381 2853 cepta,
414 2771 454 2835 a'c
483 2772 623 2854 proinde
657 2791 719 2834 nna
752 2756 994 2853 simplicissima
1016 2770 1148 2835 deitatis

264 2879 378 2941 forma.
968 2886 970 2890 ’

312 2964 480 3057 Quomodo
497 2988 602 3043 antem
622 2980 771 3063 singulae
793 2975 1012 3062 perfectiones
1035 2981 1065 3043 in
1089 2996 1149 3041 suo

265 3104 390 3167 genere
423 3084 546 3165 dupiici
585 3085 711 3147 ratione
747 3079 810 3146 sint
844 3084 1003 3160 infinitae,
1034 3101 1150 3163 nempe

267 3189 448 3267 intensive,
480 3207 538 3251 sen
572 3189 665 3269 quasi
699 3188 879 3265 intensive,
909 3183 1154 3269 at·objective‚
1255 3195 1257 3199 “

266 3300 300 3355 et
315 3292 566 3373 ntroqnemodo
589 3292 677 3355 Dens
702 3292 758 3356 iila
781 3311 867 3372 ase,
889 3300 922 3353 et
945 3308 1006 3353 non
1031 3285 1150 3353 abati·

233 3391 237 3395 ’
266 3413 332 3475 qno
354 3394 419 3457 alio
442 3396 571 3478 habeat,
589 3395 670 3459 alibi
694 3395 888 3478 explicatum
914 3404 972 3457 est.
