2817 4317
322 517 366 588 44

327 716 490 803 pendetur
507 722 669 780 aeternnm
689 719 824 799 bonum3
846 734 908 800 pro
926 717 986 782 leni
999 718 1210 798 tribulatione,

326 822 454 906 pondus
476 822 605 904 gloriae
634 822 820 885 immensum
828 841 837 903 ;
868 839 930 905 pro
954 817 1123 902 afflictione
1145 826 1208 887 tor·

326 946 405 994 nono
435 927 541 1010 gloria
572 928 606 991 in
629 926 834 991 sublimitate.
878 925 952 991 Vae
975 926 1102 990 miseris
1127 945 1207 1010 peo-

322 1031 503 1108 tatoribus,
527 1032 580 1113 qni
603 1036 858 1095 momentaneum
882 1039 915 1094 et
937 1030 1010 1094 leve
1034 1028 1132 1114 bajus
1155 1031 1205 1095 vi·

321 1142 376 1199 tae
399 1136 547 1200 solatium
571 1141 703 1199 aeterno
732 1134 780 1198 itti
802 1134 928 1217 gloriae
950 1134 1087 1217 ponderi
1111 1144 1205 1200 ante·

321 1245 460 1323 ponunt:
484 1240 538 1320 qui
562 1244 726 1303 aeternnm
740 1238 859 1303 malunt
873 1239 982 1302 subire
997 1238 1204 1324 supplicium,

223 1366 227 1374 ·
322 1360 417 1425 qnam
454 1348 678 1407 momentaneo
712 1342 807 1426 bnjus
840 1342 927 1405 vitae
957 1360 1071 1406 carere
1114 1362 1204 1409 oom-

324 1446 434 1512 modo:
461 1446 514 1529 qui
542 1452 671 1511 terrena
700 1448 763 1513 ista
786 1448 973 1530 praeferunt
994 1447 1203 1531 eoelestibns

320 1551 429 1616 infima
452 1552 696 1631 sublimissimis,
721 1560 941 1617 momentanea
964 1549 1189 1637 sempiternis!

369 1656 396 1721 0
420 1656 610 1722 aeternitas!
633 1664 667 1721 tu
683 1677 813 1742 semper
827 1659 924 1723 menti
935 1678 1027 1722 meae
1041 1660 1202 1726 obverse·

320 1762 376 1845 ris,
387 1768 420 1826 tu
429 1762 545 1826 intimis
562 1761 639 1826 mihi
654 1764 803 1828 sensibus
813 1762 993 1843 inhaereas,
1011 1769 1047 1827 tu
1062 1766 1202 1830 omnium

319 1885 460 1931 mearum
475 1867 637 1932 notionum
653 1874 685 1932 et
699 1869 797 1932 totius
813 1869 900 1933 vitae
916 1869 962 1931 sis
976 1868 1101 1951 regula.
1128 1869 1203 1934 0m-

319 1974 371 2037 nia
391 1972 584 2055 temporalia
600 1974 670 2037 sive
681 1976 766 2039 bona
781 1974 851 2039 sive
866 1973 951 2036 mala
971 1991 1051 2054 prae
1074 1978 1108 2036 te
1123 1993 1203 2039 oon·
1246 1988 1247 1991 ’

321 2084 458 2143 temnam
481 2085 513 2140 et
536 2077 625 2141 nihili
650 2079 774 2142 duoam.
820 2078 869 2142 'l'u
890 2077 966 2139 mibi
989 2077 1019 2139 in
1043 2078 1131 2141 omni
1154 2080 1203 2144 ai·

317 2182 460 2247 iliotiooe
492 2182 537 2245 sis
571 2180 735 2263 solatium,
769 2189 802 2246 et
838 2181 868 2243 in
905 2181 987 2245 omni
1019 2179 1202 2247 tentatione

314 2284 531 2371 praesidinm,
564 2294 595 2349 et
629 2288 659 2350 in
691 2287 776 2351 omni
808 2285 1028 2370 prosperitate
1056 2288 1202 2353 monito·

314 2391 405 2456 rium
461 2390 532 2455 Tibi
554 2410 651 2473 vero,
682 2389 909 2475 principiorum
940 2390 1077 2454 omnium
1109 2394 1202 2476 prin·

315 2495 411 2578 cipio,
434 2494 521 2578 qnod
544 2496 629 2560 omni
650 2495 810 2579 prinoipio
829 2494 999 2578 antiquins,
1024 2494 1080 2558 tibi
1094 2504 1201 2562 aevo·

314 2619 381 2665 rum
407 2601 546 2684 parenti,
572 2600 774 2665 saecolorum
799 2599 885 2681 regi,
916 2606 1094 2681 temporum
1130 2603 1202 2667 dis·

314 2705 496 2788 pensatori,
518 2712 655 2768 aetatum
679 2704 881 2786 proveotori,
912 2705 1014 2768 omnis
1044 2723 1202 2787 perman·

314 2810 415 2873 sionis
438 2815 471 2872 et
502 2807 677 2873 durationis
700 2808 780 2884 basi,
803 2816 836 2871 et
855 2810 970 2872 beatae
992 2812 1202 2882 aeternitatis

313 2914 468 2997 largitori,
491 2914 593 2979 omnis
610 2912 715 2976 bonor
730 2919 763 2976 et
777 2912 883 2995 gloria
898 2912 930 2976 in
946 2930 1071 2979 omnem
1087 2924 1200 2986 aeter·

310 3020 452 3085 nitatem.
496 3016 610 3085 Amen.
