2817 4317
1073 557 1115 629 tt

244 749 259 788 ,·
283 750 355 817 iiiut
382 750 528 818 nomios
555 754 611 819 tuu
636 752 717 818 sieut
734 753 768 817 in
789 749 890 831 roob,
917 755 946 817 et
967 752 1001 817 io
1023 753 1117 818 tutu.

240 854 387 923 iubetur
405 859 475 936 tuo,
497 856 635 921 oonsilia
657 862 724 939 tna,
745 862 998 939 praereptatna,
1018 856 1118 926 bene·

236 961 391 1045 piuoitonr
413 968 511 1026 tunm.
557 959 648 1027 Haeo
673 960 795 1045 triplex
817 960 968 1027 voluntas
990 966 1046 1027 tna
1067 960 1117 1030 sio

233 1064 407 1148 impleatur
438 1066 472 1130 in
502 1072 608 1149 terra,
638 1066 724 1131 siout
755 1065 910 1150 impletur
943 1065 977 1130 in
1012 1064 1118 1133 obelo.

235 1167 358 1235 onnes
376 1168 530 1236 obediant
545 1170 734 1254 praeceptis
752 1170 825 1253 tuis,
847 1186 961 1236 omme
980 1178 1119 1255 pareant

236 1273 449 1340 sanctissimis
462 1274 730 1360 inspirationibus
752 1274 829 1358 tris,
850 1292 963 1342 ornnes
978 1275 1118 1359 probent

235 1378 472 1463 benepiaoitnnr
491 1385 590 1445 tnnrn.

278 1483 570 1551 Proeto-nostrum·
590 1484 804 1568 quotidiam
828 1484 871 1551 du
898 1482 989 1550 autb
1009 1482 1117 1553 dudd:

233 1605 352 1673 panem
375 1588 578 1672 eorporalern
601 1595 635 1653 et
654 1588 844 1671 spiritalem,
870 1586 1020 1654 alimenta
1043 1605 1118 1653 oon·

234 1711 351 1777 porum
387 1700 423 1758 et
460 1694 647 1761 animorum.
691 1692 785 1760 Siout
821 1710 943 1777 oorpns
979 1692 1118 1763 nutritur

235 1797 319 1863 oibis
341 1796 543 1882 visibilibns3
564 1798 611 1863 ita
633 1799 854 1864 animaverbo
877 1796 1117 1880 tno‚3dootrina

236 1908 272 1965 et
293 1901 511 1966 illustratione
532 1909 601 1984 tna,
629 1910 664 1969 et
691 1903 724 1966 in
746 1901 857 1987 primis
879 1918 964 1983 pane
986 1899 1045 1965 illo
1066 1899 1118 1965 di·

237 2003 336 2087 uino,
366 2008 420 2089 put
438 2006 478 2072 de
505 2004 856 2087 caprariorumque·
876 2004 1007 2087 spirituo
1024 2005 1071 2069 eti
1088 2008 1119 2069 et

234 2115 314 2195 oiia,
337 2112 391 2196 qni
420 2110 540 2180 mundo
568 2111 665 2179 vitam
695 2111 859 2194 attribuit,
886 2129 1042 2196 corpore,
1069 2110 1118 2175 in·¹

238 2233 344 2301 quam,
368 2222 402 2283 et
423 2218 582 2302 sangnine
603 2216 678 2283 Filii
698 2217 755 2283 tui.
800 2216 930 2283 Omnem
953 2217 1040 2282 buno
1054 2233 1116 2299 pa·
1211 2265 1215 2270 .

237 2341 314 2388 neni
345 2320 387 2385 da
416 2320 512 2387 nobis
545 2323 651 2405 bodie,
682 2322 717 2387 id
748 2328 815 2400 est,
848 2320 998 2404 quamdin
1029 2320 1120 2387 bodie

241 2425 438 2491 nominaturr
465 2432 502 2489 nt
532 2427 664 2510 exponit
685 2421 869 2509 Apostolos
896 2425 938 2489 ad
960 2422 1059 2489 Hebr.
1079 2421 1119 2506 ὃς

243 2530 389 2609 bnoest
411 2536 480 2596 toto
503 2537 652 2613 tempore
672 2530 762 2595 vitae
782 2529 878 2614 bujns
900 2528 1055 2609 mortalis

282 2633 324 2701 Et
348 2634 467 2702 siurim
492 2634 582 2699 nobb
616 2633 718 2699 debito
744 2637 867 2710 austro,
899 2633 979 2698 sirau
1005 2636 1035 2697 et
1062 2647 1120 2697 aot

235 2740 419 2805 timuimus
441 2738 629 2812 debitoribus
648 2740 775 2804 uostris.
811 2734 910 2814 Eooe,
932 2735 1048 2817 Pater,
1068 2735 1120 2818 ig-

233 2860 342 2909 nosoo
370 2842 519 2908 omnibns
549 2839 603 2925 qni
634 2861 684 2906 nra
702 2839 820 2925 injuria
843 2841 1036 2921 affeoerunt,
1065 2840 1120 2913 vel

232 2946 486 3029 quovismodo
516 2947 549 3011 in
585 2964 636 3011 me
669 2953 905 3031 peooavernnt:
939 2946 1028 3011 nibil,
1053 2944 1118 3009 iilis

235 3050 312 3116 nrali
334 3060 474 3135 exopt03
497 3052 558 3118 sed
572 3050 829 3117 benedictionem
851 3057 939 3117 tuam
957 3060 991 3117 et
1011 3047 1118 3135 Spiri-

234 3160 300 3219 tonr
318 3163 464 3221 sanetum
491 3163 576 3222 unm
597 3155 664 3219 illis
686 3156 859 3240 impreoor.
895 3157 1034 3240 Ignosoe
1054 3156 1118 3221 ita·

235 3276 299 3341 qne
329 3264 365 3324 et
393 3260 469 3324 mibi
505 3259 661 3343 quidquid
694 3261 727 3326 in
758 3269 792 3325 te
820 3263 975 3346 moravi:
1005 3259 1118 3326 relaxa

235 3362 354 3449 onipas
374 3370 410 3430 et
430 3364 602 3450 snpplinie‚
626 3364 736 3432 debita
751 3365 917 3449 enlparom
940 3373 974 3431 et
987 3384 1119 3449 poena·

234 3485 320 3551 runs,
346 3485 481 3553 qnarnrn
510 3469 579 3536 tibia
595 3488 671 3536 reus
699 3489 771 3537 snm
790 3477 825 3536 et
847 3468 985 3537 debitor.
1027 3469 1119 3537 Haeo
