2817 4317
565 728 850 843 ruorc'unos

328 936 446 982 rarum
473 912 537 983 Iroc
559 910 727 1007 opusculo
753 908 1095 997 comprehensorum

262 1059 407 1114 Proiccutr'o
425 1063 537 1113 auctoris

260 1148 337 1201 Aliud
352 1148 557 1215 pronuntiatum.
577 1148 608 1199 de
632 1150 748 1201 oratione
773 1150 798 1199 et
824 1149 918 1214 optimo
948 1150 1048 1203 orandi

331 1234 407 1287 ruodo
424 1271 1047 1289 ...........

597 1361 763 1421 nunninus
785 1362 804 1419 1.

306 1501 538 1562 Considerationes
558 1505 622 1563 viae
640 1504 811 1577 purgativae,
828 1516 879 1576 pro
897 1503 1107 1578 incipientibus.

597 1633 701 1689 Primus
716 1650 815 1704 poem.

268 1753 451 1821 Actnsfidei.
487 1756 685 1810 Documentum
731 1795 737 1808 .
781 1737 799 1809 ¹.
853 1796 859 1807 .
914 1796 920 1809 .
977 1796 986 1811 .
1044 1800 1052 1814 .

266 1842 461 1898 Consideratio
479 1843 513 1897 de
531 1845 598 1911 Deo,
616 1847 645 1899 et
663 1844 813 1898 vicinitate
855 1885 861 1898 .
913 1842 926 1898 8
979 1886 986 1898 .

263 1931 400 1987 Precatio.
437 1924 480 2005 ¹Ari
501 1931 586 1987 Deum
606 1935 634 1987 et
652 1932 858 2008 Divinitatenr.
913 1972 919 1985 .
977 1974 983 1986 .
1044 1978 1050 1990 .

263 2019 362 2074 Modus
380 2019 495 2093 legendi
514 2020 585 2075 hauc
604 2022 761 2076 orationem
780 2024 808 2076 et
831 2026 984 2090 sequentes
1043 2065 1050 2077 .

263 2107 302 2160 De
320 2108 383 2177 ipso
403 2123 475 2175 esse,
495 2108 589 2176 etqui
609 2113 654 2162 est

263 2191 403 2247 Precatio.
440 2193 482 2247 Ad
502 2191 592 2264 ipsum
611 2209 683 2262 esse,
702 2200 731 2247 et
749 2193 795 2262 qui
813 2199 857 2248 est
912 2236 918 2248 .
977 2239 983 2250 .

263 2280 303 2333 De
322 2280 390 2347 Deo,
409 2283 438 2335 ut
455 2284 501 2335 est
518 2278 595 2333 salus
613 2282 735 2333 nostra.
789 2318 796 2331 .
851 2317 858 2331 .
1046 2325 1052 2337 ,

263 2367 404 2422 Precatio.
440 2367 483 2422 Ad
503 2367 595 2433 Deam,
615 2370 645 2419 ut
663 2369 709 2419 est
727 2365 805 2420 salua
825 2370 922 2422 nostra
979 2408 986 2420 .
1046 2412 1053 2426 .

262 2455 303 2508 De
321 2455 391 2521 Deo,
410 2459 439 2508 nt
458 2459 502 2508 est
521 2452 614 2524 gioria
633 2459 731 2507 nostra
914 2496 921 2508 .
1045 2500 1052 2513 .

263 2542 403 2597 Precatio.
439 2543 483 2595 Ad
504 2542 595 2610 Deum,
614 2546 645 2595 nt
662 2546 709 2606 est
726 2541 820 2613 gloria
838 2548 939 2598 nostra
978 2586 984 2598 .
1046 2590 1052 2601 .

262 2631 303 2683 De
322 2627 491 2684 aeternitate
511 2627 560 2682 Dei
605 2668 611 2682 .
666 2668 673 2682 .
728 2670 734 2683 .
789 2669 795 2682 .
851 2670 858 2681 .
913 2671 919 2682 .
978 2674 984 2685 .
1045 2678 1050 2689 ,

263 2718 394 2772 Precatio
415 2715 443 2769 is
469 2716 513 2770 Ari
532 2717 728 2771 aeternitatem
748 2718 798 2771 Dei
852 2757 858 2769 .
914 2757 920 2768 .
978 2760 983 2771 .
1045 2763 1051 2775 .

263 2804 394 2860 Precatio
414 2805 445 2860 ΙΙ.
482 2805 525 2859 Ad
545 2805 660 2858 eandem
733 2844 739 2857 .
793 2843 800 2857 .
853 2846 859 2859 .
913 2846 919 2858 .
978 2848 984 2860 .
1046 2852 1051 2861 .

264 2893 396 2950 Precatio
415 2894 458 2950 nl.
494 2894 536 2948 Ad
556 2894 673 2948 eandem
731 2932 1052 2951 ......

578 3054 710 3107 Secundus
726 3067 824 3122 poema

263 3181 350 3233 Actus
369 3176 488 3233 timoris.
526 3177 722 3231 Documentum

264 3263 462 3321 Consideratio
481 3265 515 3319 de
536 3265 610 3331 Deo,
635 3268 665 3319 ut
683 3268 729 3316 eat
743 3260 830 3333 judex
849 3258 979 3323 virorum
1001 3272 1033 3321 et

335 3358 506 3409 mortuorum
548 3391 1051 3408 .........

264 3442 396 3497 Precatio
416 3441 433 3493 1.
469 3443 512 3497 Ad
533 3445 617 3497 Deum
632 3440 763 3513 judicem,
781 3443 857 3493 etc.
904 3470 920 3493 ·.
976 3482 984 3496 .
1043 3485 1050 3499 ,
