2817 4317
1091 572 1156 640 259

272 762 341 826 sint
364 762 510 845 pertenta
532 767 566 826 et
589 762 762 845 completa.
805 762 854 828 'l’u
872 782 933 845 per
955 762 1156 845 simplioissi·

269 885 354 932 mem
383 865 571 944 essentiam,
602 884 726 930 omnem
758 866 999 947 exceltentiam,
1030 885 1155 933 omnem

267 968 522 1051 perfectionem,
554 988 677 1035 omnem
710 967 953 1050 beatitudinem,
980 987 1074 1036 omne
1097 973 1157 1036 bo·
1204 1016 1207 1020 -

267 1092 344 1137 num
367 1073 537 1155 possides,
569 1091 630 1137 neo
652 1080 783 1155 praeter
812 1081 843 1138 te
866 1074 972 1155 ipsum
996 1091 1080 1157 opus
1101 1083 1153 1140 est

272 1175 331 1241 tibi
351 1196 387 1239 re
410 1175 537 1266 atiqua-
574 1175 704 1259 illorum
736 1178 853 1242 bonum
889 1183 1060 1259 angustum
1093 1188 1153 1258 est,

268 1288 302 1344 et
324 1280 440 1344 tinibus
464 1280 545 1345 oerti
580 1280 711 1361 generis
743 1278 1039 1364 circumscriptum,
1070 1281 1155 1346 adeo

269 1390 305 1447 ot
328 1381 464 1466 alionum
488 1386 575 1448 bona
596 1383 628 1445 in
643 1383 761 1471 seipsis
782 1404 846 1449 non
870 1384 1155 1467 comprehendant.

269 1485 364 1552 Unde
398 1494 431 1551 et
463 1486 595 1551 infinitis
627 1490 726 1552 rebus
758 1488 852 1553 nobis
882 1487 925 1552 ad
948 1490 1048 1553 vitam
1071 1507 1154 1573 opns

270 1597 341 1672 est,
378 1610 448 1656 eom
483 1591 631 1673 singulae
664 1611 777 1674 parum
817 1614 876 1677 per
907 1613 944 1658 se
981 1601 1156 1677 praestent.

269 1696 371 1761 'l'nnm
399 1713 495 1775 vero,
527 1696 590 1760 hoo
623 1702 683 1774 est,
718 1696 870 1784 simplicis
894 1699 1056 1762 essentiae
1079 1706 1155 1763 tuae

268 1803 390 1870 bonum
413 1806 464 1864 est
498 1793 701 1882 immensam,
735 1799 1081 1882 redundantissimnm‚
1111 1801 1155 1866 ad

270 1904 379 1975 omma
393 1919 465 1985 'pen
488 1924 526 1968 se
549 1902 863 1969 suifioientissimum.
908 1904 988 1971 Cum
1007 1906 1092 1970 enim
1107 1908 1155 1971 sis

269 2010 350 2092 ipsa·
364 2006 584 2089 primordialis
600 2008 708 2089 origo,
719 2008 878 2089 omnium,¹
892 2008 969 2071 nibii
992 2015 1043 2072 est
1055 2030 1076 2071 a
1090 2028 1155 2092 qno

268 2112 355 2177 ratio
378 2097 451 2175 boni
474 2111 505 2173 in
519 2110 713 2175 te‘timitari
738 2118 794 2176 aut
810 2102 1044 2178 voin'e'umsonibi
1077 2130 1155 2200 pos·

248 2213 320 2282 sit.
366 2211 460 2278 Siout
482 2214 581 2296 igitur
605 2215 749 2279 essentia
767 2222 838 2295 tua,
867 2206 902 2280 'et
925 2217 1088 2299 potentia,
1122 2225 1155 2283 et

269 2318 434 2401 sapientia
453 2318 574 2386 infinita
598 2327 664 2398 est,
688 2320 775 2384 omni
804 2308 919 2385 sarens
956 2320 1154 2400 limitatione,

268 2424 346 2505 qnia
369 2424 483 2506 prima,
506 2424 580 2506 quia
604 2442 622 2486 a
645 2424 750 2506 nullo,
783 2444 823 2490 ao
851 2421 993 2507 proinde
1012 2442 1074 2489 noo
1096 2426 1155 2491 ba-

267 2532 351 2594 bens
373 2527 457 2618 node
480 2527 648 2616 limitetur:
682 2528 727 2594 ita
748 2530 846 2595 'etiam
871 2516 998 2594 bonitas
1021 2537 1055 2593 et
1078 2519 1155 2612 per«

268 2632 370 2699 ieetio
395 2639 449 2696 tna
471 2631 577 2696 limite
595 2634 702 2711 oar'et,
725 2633 799 2715 qnia
822 2634 934 2715 prima.
948 2641 1009 2715 est,
1030 2651 1092 2697 nee
1114 2635 1155 2696 ab

270 2738 340 2801 nito
364 2735 510 2820 pendens
533 2736 618 2801 unde
643 2734 861 2799 limitationem
894 2739 1045 2820 aooipere
1077 2756 1156 2820 pos·

270 2835 324 2906 sit.
369 2841 478 2907 Omnis
492 2830 575 2903 enim
594 2838 739 2927 limitatio
755 2838 890 2904 rationis
910 2859 969 2924 pen
991 2860 1028 2904 se
1051 2840 1157 2905 illimi-

271 2953 361 3011 tatae
383 2944 482 3009 debet
504 2944 573 3012 fieri
593 2964 615 3025 ,a
639 2962 738 3008 onnsa
756 2942 925 3008 eifioiente.
961 2944 1067 3020 Quare
1083 2962 1154 3008 eum

272 3049 491 3133 perfeetiones
516 3068 599 3131 quae
623 3048 718 3112 in-te
750 3053 840 3127 sunt,
872 3046 989 3133 nuliam
1024 3067 1154 3112 cansam

271 3152 463 3222 efficientem
485 3153 634 3233 habeant,
657 3170 797 3236 neeesse
819 3158 871 3216 est
890 3172 948 3215 eas
965 3153 1052 3215 omni
1075 3151 1156 3215 limi·

269 3256 396 3320 tatione
418 3274 550 3346 bearem.¹
634 3261 636 3266 ’
964 3267 990 3307 ’-

272 3423 275 3428 .
318 3360 353 3423 Si
371 3361 476 3425 taliter
498 3362 597 3425 bonos
620 3377 663 3437 es,
685 3356 831 3441 Domino,
855 3359 987 3442 qualiter
1009 3375 1063 3439 ooo
1086 3376 1155 3431 mo-

272 3466 321 3530 tos
337 3481 414 3543 som,
436 3455 495 3555 ooo
516 3484 578 3530 ooo
601 3482 672 3538 omo
691 3463 982 3529 bonitatemtoom?
1005 3462 1068 3527 Gor
1083 3480 1154 3528 omo
1198 3480 1201 3484 ’
1256 3541 1257 3545 ¹
