2817 4317
1034 580 1097 651 167

214 773 332 840 xeudis
363 773 520 837 tenuitate
554 791 660 854 paene
691 770 845 837 invisibili
877 770 942 837 filis
971 774 1097 855 sericis,

212 883 245 946 in
269 881 500 948 continuandis
528 880 655 945 filorum
686 879 835 960 glomere
860 877 993 966 loculis,
1027 881 1097 962 qui·

213 990 275 1050 bus
298 986 397 1049 veluti
418 984 683 1069 sepulchralibus
707 984 823 1047 tombis
846 983 962 1047 inclusi
986 986 1097 1051 immo-

214 1091 352 1171 riantur,
383 1098 418 1153 ut
451 1096 527 1172 post
556 1088 680 1170 aliquot
711 1104 839 1163 meuses
863 1087 1098 1154 reviviscentes
1132 1070 1156 1087 ²

215 1200 313 1257 etex
343 1190 525 1274 sepulchris
556 1192 625 1256 suis
650 1189 874 1273 egredientes,
908 1192 1098 1274 palingene-¹

215 1295 297 1358 siam
316 1293 637 1359 uobisedumbreut.
683 1291 761 1355 Alia
780 1292 944 1357 innumera
967 1304 1098 1375 praete·

214 1416 290 1480 rec,
313 1399 440 1461 lumin
456 1396 678 1474 animantibus,
695 1401 766 1458 tum
789 1396 821 1458 in
844 1396 980 1478 plantis,
1015 1417 1120 1479 quae«

180 1545 183 1550 -
214 1509 304 1566 tanta
341 1501 480 1579 ratione,
523 1506 593 1563 arte
628 1504 661 1561 et
694 1498 902 1580 providentia
935 1499 1028 1583 fiunt,
1065 1509 1100 1567 ut

178 1591 181 1600 ¹
214 1604 339 1689 majore
360 1605 433 1668 fieri
456 1623 519 1668 nou
542 1602 685 1687 possint:
719 1620 783 1666 nou
806 1621 884 1682 sua,
911 1606 1098 1688 quaeipsis

215 1708 399 1788 inhaereat,
432 1707 492 1771 sed
516 1718 584 1785 tua,
607 1724 690 1790 quae
713 1706 795 1788 ipsis
828 1709 967 1789 assistit,
1000 1730 1100 1792 quae·

164 1799 169 1810 ¹
217 1832 280 1896 que
304 1811 476 1893 vestigium
507 1817 541 1887 et
562 1809 727 1893 specimen
760 1809 923 1891 quoddam
947 1812 995 1874 sui
1019 1814 1103 1895 ipsis

193 1916 410 1998 'imprimens
434 1916 478 1978 ita
502 1915 632 1997 operari
656 1912 744 1993 iacit,
766 1931 806 1976 ac
828 1915 857 1977 si
877 1934 998 1979 summa
1022 1935 1100 1998 pro-

215 2020 380 2101 videntia,
401 2026 434 2083 et
455 2025 525 2083 arte
538 2016 718 2102 ⁴praeditos
740 2025 860 2081 esseut.
906 2017 1016 2083 Omnis
1039 2020 1101 2102 igi·
1151 2043 1153 2048 ’

217 2132 270 2191 tur
293 2126 379 2190 actio
402 2131 435 2187 et
457 2142 550 2188 omne
580 2141 663 2206 opus
687 2127 838 2203 naturae,
872 2129 923 2186 ert
949 2124 1034 2187 actio
1068 2130 1102 2187 et

218 2249 305 2315 opus
341 2239 416 2293 tuae
460 2227 642 2311 sapientiae
682 2236 716 2291 et
743 2235 829 2291 tuae
853 2228 1101 2311 providentiae.

216 2336 289 2402 Nec
310 2334 405 2400 aliter
428 2334 534 2399 omnia
556 2333 734 2399 secundum
760 2332 867 2415 legem
890 2340 966 2397 tuae
988 2333 1102 2415 provi-

220 2438 348 2503 dentiae
381 2445 498 2519 agunt,
529 2455 623 2519 quam
658 2438 685 2500 si
714 2436 785 2519 ejus
809 2437 935 2518 plenam
958 2436 1101 2501 notitiam

165 2561 169 2568 ·
218 2542 435 2627 possiderent.
866 2565 871 2570 ·
1057 2607 1059 2611 .

254 2645 466 2717 Rationalem
506 2652 611 2709 tamen
649 2652 797 2737 naturam
834 2645 982 2727 excipio,
1017 2663 1101 2726 quae

218 2770 293 2819 cum
325 2769 405 2814 suae
427 2747 600 2831 cujusdam
624 2749 848 2834 providentiae
870 2749 913 2811 sit
936 2748 1101 2831 particeps
1186 2795 1190 2817 .·

219 2863 255 2920 et
276 2855 395 2934 libera,
418 2873 519 2936 saepe
542 2871 606 2917 uon
629 2861 703 2919 tuae
737 2850 961 2937 providentiae
993 2853 1102 2916 direc-

217 2960 300 3024 tioni
323 2977 360 3023 se
382 2957 583 3039 accomodat,
606 2957 748 3021 sedena
771 2956 976 3040 providentia
1001 2965 1033 3020 et
1047 2976 1102 3020 ar·

220 3063 318 3127 bitrio
342 3062 455 3125 vivere
487 3062 585 3145 cupit.
629 3061 713 3125 Hinc
735 3061 837 3136 omnis
868 3061 996 3143 peccati
1020 3061 1104 3142 fons,

220 3166 326 3233 omnis
349 3162 541 3230 celeumatis
565 3166 667 3247 origo.
713 3164 786 3228 Non
810 3174 914 3229 tamen
939 3168 1001 3230 boc
1026 3166 1102 3228 abs·

221 3290 287 3353 qne
307 3269 514 3355 providentia
537 3276 592 3334 tue
613 3270 746 3351 geritur.
797 3266 868 3332 Etsi
898 3269 979 3331 euim
1011 3283 1103 3333 crea·

202 3386 295 3440 ‘tura
323 3374 491 3439 rationalis
521 3373 595 3437 dum
619 3380 753 3454 peccat,
786 3370 960 3438 secuudum
994 3372 1101 3454 legem
1137 3417 1140 3423 ,

222 3497 320 3562 quam
342 3476 570 3557 illi'statuisti‚
601 3494 664 3543 nou
687 3484 783 3559 agat,
815 3495 878 3542 nou
902 3485 1006 3540 tumen
1029 3478 1104 3539 abs·
