2817 4317
326 570 389 638 168

325 781 388 844 que
413 756 638 841 providentiae
662 755 736 838 lege
759 755 837 837 agit,
860 776 880 820 a
902 776 966 839 qua
987 766 1025 823 et
1048 760 1146 825 vires
1160 761 1207 824 lm·

323 868 387 944 bet,
413 863 527 945 quibus
550 862 582 925 iu
606 861 892 943 suaro‘peruioiem
915 862 1083 944 abutitur,
1108 875 1142 929 et
1172 865 1207 928 si·

324 970 409 1033 uitur
444 986 543 1048 agere
581 986 621 1029 ea
661 984 744 1046 quae
779 965 901 1046 absque
937 965 1014 1050 ejus
1050 970 1207 1049 permissu

326 1093 427 1156 agere
447 1089 509 1135 uon
532 1078 662 1153 posset,
686 1075 718 1132 et
740 1068 839 1133 eertis
865 1068 1151 1138 oireumseribitur
1170 1074 1204 1137 li·

323 1179 462 1257 mitibus,
483 1196 522 1240 ue
542 1175 638 1239 aliter
660 1178 716 1236 aut
738 1172 874 1253 amplius
897 1175 982 1239 male
999 1184 1095 1259 agat,
1120 1192 1206 1261 quau

324 1282 381 1348 tibi
415 1280 604 1365 permittere
638 1276 741 1341 visum
764 1276 869 1340 fuerit
913 1276 972 1343 Sie
995 1281 1112 1347 omnia
1133 1284 1209 1347 intra

325 1386 553 1472 providentiae
570 1391 645 1472 tuae
667 1381 816 1445 ambitum
842 1381 1044 1467 oonnlusisti,
1072 1394 1110 1452 ut
1131 1387 1208 1451 illan

325 1492 403 1556 nihil
428 1490 535 1574 possit
557 1488 719 1569 effugere:
750 1486 796 1550 ita
825 1487 929 1551 omnia
963 1487 1012 1551 illi
1048 1489 1210 1574 subjeeta,

324 1603 359 1659 ut
393 1593 465 1677 ejus
497 1593 612 1676 jugum
647 1597 680 1655 et
718 1589 913 1656 dominatum
948 1599 1115 1658 excutere
1153 1611 1209 1660 nou

323 1698 460 1781 possint.

649 1846 823 1902 PRECATIO
843 1846 885 1899 ΙΙΙ.

555 1953 639 2057 ‚Ad
658 1978 804 2058 eandem,
823 1976 952 2041 ibidem.

369 2117 537 2197 Nunquam
558 2113 762 2196 providentia
785 2122 840 2179 tua
862 2114 893 2177 iu
911 2132 970 2177 sua
990 2111 1212 2197 dispositione

325 2221 467 2300 fallitur3
499 2218 589 2281 uovit
621 2220 703 2283 enim
736 2207 923 2303 priusquam
953 2225 1099 2303 statuat,
1124 2222 1213 2305 quid·

326 2345 397 2389 uam
428 2344 469 2388 ex
496 2323 609 2405 quavis
646 2323 827 2405 hypothesi¹
860 2330 894 2386 et
926 2322 1154 2405 dispositione
1176 2324 1213 2390 sit

325 2434 532 2494 eventurum:
566 2426 652 2491 unde
676 2427 773 2491 etiam
798 2444 959 2508 uunquam
981 2445 1045 2491 suo
1072 2427 1211 2495 trustra·

325 2542 377 2597 tur
409 2534 526 2597 effeetu
560 2540 593 2596 et
626 2532 742 2596 frunto.
795 2530 866 2595 Etsi
905 2531 987 2596 euim
1022 2531 1211 2600 inferiorum

327 2657 496 2703 causarum
519 2636 666 2715 ordines,
700 2636 755 2718 qui
782 2635 1121 2719 providentia-eitum!
1144 2619 1211 2704 sn'nt

327 2742 485 2824 quaedam
508 2734 774 2825 partieip'atioues
804 2742 857 2804 vel
880 2738 1143 2823 impressiones,
1175 2740 1210 2807 ob

326 2847 601 2929 imperfectionem
634 2854 667 2908 et
699 2844 943 2909 mutabilitatem
977 2863 1079 2908 ⁴suam
1113 2863 1208 2929 saepe

326 2948 493 3029 defioiant,
522 2967 581 3012 nee
612 2947 655 3011 ad
687 2946 783 3011 finem
814 2947 921 3012 oausis
943 2946 1008 3010 iltis
1030 2951 1208 3029 praestitu-

325 3061 391 3119 tum
413 3053 610 3138 perdueant;
638 3071 798 3134 nunquam
832 3059 937 3116 tamen
960 3058 1037 3116 tuae
1064 3052 1207 3120 sublimis

325 3157 552 3238 providentiae
575 3156 657 3221 ordo
681 3175 720 3221 ao
752 3156 923 3242 dispositio
958 3158 1103 3241 proprie
1136 3158 1206 3224 sibi·

326 3282 387 3345 que
410 3279 594 3328 oommeuso
623 3260 687 3325 fine
708 3263 895 3341 frustratur,
926 3261 985 3325 sed
1009 3260 1101 3329 hune
1128 3283 1206 3330 sen·

324 3387 384 3450 per
407 3366 596 3447 assequitur.
641 3364 734 3442 Quod
766 3367 827 3431 etsi
858 3366 955 3430 modo
977 3367 1126 3433 noudum
1157 3390 1207 3455 ap·

324 3480 439 3554 pareat
461 3471 595 3535 durante
617 3468 724 3537 adhue
745 3470 852 3536 mundi
875 3488 993 3552 eursu,
1015 3477 1051 3537 et
1076 3474 1207 3541 termino
