2817 4317
1047 520 1088 600 41

209 721 293 789 solis
316 729 350 789 et
372 724 468 788 lunae
491 718 734 800 conversiones,
755 737 841 801 quae
855 727 988 787 nostros
1009 721 1092 805 dies,

211 844 337 891 meuses
361 834 395 891 et
416 843 518 891 anuos
541 824 725 906 metiuntur,
748 832 928 911 exquibus
952 838 1091 916 quantae

211 932 279 995 siut
298 949 406 996 rerum
430 936 615 994 nostrerum
637 931 777 995 minutae
803 932 989 999 durationes
1012 954 1091 1018 oog·
1124 991 1129 1008 ,,

208 1034 394 1116 noscimus,
417 1052 480 1099 nou
512 1033 634 1096 tuerint
654 1033 797 1097 -dubium
826 1043 932 1101 tamen
955 1056 1018 1103 non
1041 1044 1092 1103 est

208 1136 291 1221 (nisi
314 1138 357 1203 de
378 1138 514 1204 sonibus
537 1137 734 1201 contendere
755 1137 911 1221 velimus)
934 1141 1009 1221 quin
1032 1142 1090 1205 du·

209 1241 356 1306 rationes
379 1250 411 1306 ot
434 1241 539 1326 spatia
569 1241 676 1323 aliqua
707 1243 825 1308 fuerint
845 1245 935 1327 quasi
959 1246 1091 1327 dierum,

210 1346 382 1427 mensium,
413 1364 566 1410 annorum
590 1352 623 1408 et
645 1346 864 1430 saeoulorum,
893 1352 952 1413 sub
977 1350 1090 1431 quibus

208 1451 264 1514 isti
300 1457 407 1514 motus
444 1448 574 1513 extendi
605 1455 637 1512 ot
669 1451 805 1534 transigi
835 1452 1032 1536 potuissent,
1062 1454 1091 1518 si

210 1563 289 1619 tuno
310 1553 510 1617 extitissent:
533 1554 617 1617 siout
631 1571 692 1618 neo
705 1556 813 1637 modo,
836 1557 986 1622 absoluto
1001 1576 1091 1621 mun·

209 1659 242 1723 di
252 1657 350 1741 hujus
365 1656 537 1735 ourrioulm
552 1656 757 1723 oessautibus
768 1661 932 1727 coelorum
942 1664 1092 1744 motibus,

209 1764 398 1828 durationes
420 1780 532 1826 omues
548 1769 581 1825 et
601 1762 707 1843 spatia
721 1767 900 1846 temporum
917 1765 1091 1830 abolebun-

208 1874 270 1931 tur.
302 1864 475 1948 Capiamus
491 1885 573 1949 ergo
588 1873 678 1931 retro
695 1874 771 1930 ante
794 1867 955 1933 eonditum
970 1871 1091 1950 orbem,

209 1976 340 2036 uentum
359 1968 461 2032 miliia
482 1971 701 2036 saooulorum:
720 1969 790 2053 jam
803 1978 880 2034 tuno
902 1992 977 2035 eras
992 1970 1091 2035 Deus.

210 2071 386 2153 onniamru
422 2074 555 2139 totidem
586 2074 788 2140 saeculorum
819 2075 991 2139 millioues:
1020 2074 1090 2158 jam

211 2178 372 2254 inieras,
398 2180 502 2260 aeque
520 2198 670 2262 mugnus,
699 2196 804 2260 aeque
825 2184 958 2261 potens,
986 2196 1091 2261 aequo

209 2283 355 2365 sapiens,
375 2301 482 2364 aequo
505 2284 629 2348 beatus.
677 2283 823 2363 Denique
846 2284 916 2347 sine
938 2282 1002 2347 fine
1023 2280 1092 2346 ma·

210 2385 315 2468 jarem
328 2393 370 2449 et
390 2385 546 2469 majorem
560 2385 767 2453 saeculorum
785 2403 948 2451 numerum
968 2393 1090 2451 retror-

213 2508 283 2552 sum
305 2507 395 2553 meus
419 2490 599 2574 eonoipiat:
622 2498 655 2556 et
677 2490 821 2554 inveniet
844 2497 875 2554 te
897 2509 968 2554 oum
991 2492 1091 2555 omni·

212 2596 273 2659 bus
296 2593 389 2657 bonis
411 2602 445 2657 et
467 2596 595 2676 gaudiis
624 2596 687 2660 tuis
709 2592 841 2659 infinitis
869 2594 1010 2658 saeculis
1032 2587 1091 2659 ad·

210 2698 275 2763 huo
296 2698 440 2781 priorem
462 2706 495 2763 et
517 2699 739 2781 antiquiorem.

243 2800 420 2866 ‘fn-esim
459 2822 497 2866 es
526 2802 716 2886 hypostasis
754 2810 788 2867 et
817 2802 1009 2885 principium
1059 2811 1093 2868 et

210 2924 366 2972 mensura·
392 2906 529 2972 omnium
561 2907 781 2990 saeculorum3
810 2914 865 2971 tua
898 2907 1091 2971 aeternitate

210 3011 304 3094 prior
332 3012 479 3075 omnibus
508 3011 649 3075 saeoulis
678 3017 712 3075 et
739 3012 905 3093 superior,
937 3012 998 3075 sub
1027 3026 1091 3092 quo

211 3115 319 3179 omnia
341 3115 515 3181 volvuntur
539 3114 679 3181 saeoula.
725 3114 818 3181 Siout
845 3115 928 3180 enim
956 3122 1010 3178 tna
1032 3114 1091 3175 im·

213 3219 382 3284 mensitate
411 3219 576 3302 extendis,
606 3220 725 3302 ambis,
754 3226 788 3283 et
815 3222 962 3285 ooutines
985 3215 1091 3281 omnia

212 3325 320 3407 spatia
349 3325 509 3391 looorum:
541 3324 587 3388 ita
618 3331 672 3389 tua
703 3324 894 3389 aeternitate
923 3322 1089 3404 anticipas,

210 3430 394 3513 protendis,
415 3438 455 3495 et*
469 3430 569 3495 ambis
593 3443 705 3494 omues
721 3426 906 3494 duratioues
929 3431 963 3490 et
978 3443 1086 3491 moras
