2817 4317
326 534 388 600 134

323 725 376 788 hio
410 725 451 788 de
484 745 636 810 suprema
657 725 783 809 justitia
806 717 982 809 loquimur,
1015 749 1077 812 per
1113 751 1209 813 qnam

323 830 419 893 homo
450 831 599 895 absolute
626 836 734 912 justus
766 832 884 920 dicitur
913 852 1022 899 corum
1055 834 1147 915 Deo,
1178 844 1208 901 et

324 954 386 1016 qua
410 934 505 997 etiarn
531 936 618 998 Deus
636 939 744 1015 justus
772 935 908 1016 dicitur,
946 956 1029 1017 quae
1053 940 1205 1004 consistit

323 1039 355 1101 in
388 1057 496 1101 amore
527 1039 586 1102 Dei
622 1046 654 1100 et
688 1028 913 1102 conformitate
945 1060 1102 1121 suprema
1136 1062 1204 1107 cun

322 1142 395 1223 iege
418 1153 567 1208 aeterna:
596 1144 626 1204 in
652 1163 722 1225 qua,
735 1143 864 1226 justitia
887 1144 941 1208 illa
964 1139 1105 1210 humana
1130 1150 1204 1211 emi·

320 1256 431 1311 neuter
453 1248 642 1312 continetur.
1154 1333 1156 1337 Ι

362 1352 391 1414 4.
415 1352 523 1417 ductus
546 1352 671 1433 dicitur,
695 1349 728 1415 rit
751 1352 921 1434 legislator
941 1344 1108 1435 etjndex:
1132 1357 1202 1437 qnia

320 1476 440 1522 summe
472 1466 557 1526 amat
586 1456 762 1544 justitiam,
798 1465 830 1520 et
860 1456 981 1550 infinite
1014 1458 1085 1522 odit
1119 1459 1200 1544 inju-

319 1561 446 1639 stitiam,
468 1561 500 1624 id
522 1568 582 1642 est,
605 1578 707 1642 opera
731 1562 814 1625 mata
839 1561 968 1624 divinae
990 1562 1055 1644 legi
1072 1582 1114 1627 ac
1138 1585 1202 1638 ma·

250 1728 252 1731 Α
316 1665 431 1748 jestati
456 1665 677 1749 repugnantia,
701 1685 836 1747 eamque
860 1669 1079 1736 sub.aeterna
1097 1688 1202 1752 poena

319 1777 417 1833 vetat.
616 1838 618 1842 .

361 1873 508 1956 Denique
531 1875 676 1939 ordinem
695 1875 841 1960 justitiae
859 1898 896 1939 a
925 1877 1139 1943 daemonibus
1172 1889 1203 1944 et

315 1979 495 2043 hominibus
519 1979 666 2045 discursu
689 1982 788 2044 totius
812 1979 908 2063 hujus
942 1982 1065 2045 saecuti
1080 2033 1083 2041 .
1099 1985 1204 2047 viola·

317 2091 382 2146 tum
402 2083 568 2171 restituet,
592 2093 624 2147 et
647 2086 848 2160 instaurabit3
884 2085 1054 2167 unicuique
1080 2100 1201 2175 secun.
1245 2133 1246 2141 κ

318 2187 390 2250 dum
415 2206 517 2269 opera
541 2200 574 2253 et
598 2190 709 2253 merita
734 2210 793 2252 sua
818 2175 996 2254 reddendo.
1086 2229 1093 2236 »

585 2465 589 2472 .
653 2425 850 2481 encomio.
864 2489 873 2509 .„

564 2609 566 2613 .
592 2555 649 2619 Ad
663 2557 829 2645 justitium
856 2557 927 2617 nei.

523 2689 562 2741 Ex
581 2688 629 2743 lib.
647 2692 674 2745 8.
692 2692 723 2743 de
742 2690 853 2759 Perfert.
875 2706 937 2759 cap.
955 2692 979 2745 ’4.

270 2845 274 2885 ς
358 2815 404 2878 Tu
428 2817 530 2878 omnis
561 2817 742 2887 sanctitatis
766 2825 895 2894 auctor,
929 2824 961 2881 et
985 2816 1067 2899 finis,
1096 2807 1202 2886 etre-

315 2920 403 3000 gula
428 2928 461 2982 et
482 2921 662 3002 exemplar,
689 2941 709 2984 a
733 2938 804 3002 quo,
828 2922 870 2983 ad
895 2940 998 3002 quem,
1021 2930 1056 2984 et
1077 2926 1121 2989 ud
1148 2948 1202 2993 cu-

250 3018 253 3025 ’
309 3021 366 3104 jus
408 3023 541 3107 formam
588 3044 627 3088 ac
672 3024 910 3087 similitudinem
949 3026 1201 3114 sanctificantur

304 3110 421 3189 'cronia
446 3128 478 3190 in
510 3128 603 3191 coelo
633 3136 673 3194 ut¹
697 3128 729 3190 in
754 3135 848 3191 terra.
894 3129 994 3206 Totus
1018 3130 1084 3197 iste
1109 3156 1199 3200 mun·

314 3230 374 3293 dus
407 3241 457 3293 est
492 3231 592 3295 veluti
616 3233 769 3316 templum
799 3233 977 3322 divinitatis
1017 3242 1112 3329 tuae,
1148 3247 1200 3304 tno

312 3335 410 3402 cultui
434 3345 686 3420 consecratum,
725 3348 778 3400 tua
818 3336 1004 3419 praesentia
1038 3352 1199 3425 sunctum,

312 3446 374 3509 tua,
398 3440 501 3521 gloria
534 3440 678 3522 plenum,
711 3444 775 3506 tuis
807 3442 1006 3518 admirandis
1035 3449 1197 3536 ¹operibus
