2817 4317
1089 553 1111 623 9

225 745 369 832 petentis
392 764 509 832 panem
523 747 565 813 ab
587 745 708 830 anric03
734 752 768 813 et
798 743 858 813 filii
886 744 1027 831 petentis
1049 762 1110 829 pa·

225 872 320 936 nem,
342 851 396 917 rel
418 852 552 937 piscem,
578 854 635 919 vel
660 871 756 919 ovum
781 873 801 917 a
824 858 968 938 parente.
1012 849 1110 916 Dein·

226 957 272 1024 de
293 958 343 1024 sie
361 956 541 1024 concludit:
574 959 611 1024 Si
639 975 712 1039 croc
740 974 804 1038 ooo,
834 974 904 1023 mm
930 958 1001 1022 citis
1024 956 1109 1039 moir',

226 1066 328 1131 nocue
356 1064 438 1130 toea
464 1064 540 1129 doto
571 1059 674 1145 (quae
702 1081 723 1126 a
751 1062 846 1126 vobis
881 1079 945 1126 non
973 1060 1109 1141 habetis,

226 1168 290 1234 aed
305 1167 436 1256 aliunde
450 1163 644 1251 accepistis)
658 1168 738 1233 dure
753 1167 828 1249 filiis
846 1169 976 1241 uectum
994 1170 1110 1248 ouuuio

226 1276 331 1356 mooe
350 1271 446 1339 Potor
467 1277 569 1339 cestu
582 1272 621 1337 de
633 1271 717 1338 coelo
731 1274 816 1338 coiit
840 1275 982 1354 omnium
996 1270 1110 1337 bouum

224 1380 399 1463 pumiceo
420 1379 482 1445 oe?
510 1377 590 1443 ltern
613 1376 708 1443 ioan.
734 1377 783 1443 14.
817 1377 1034 1459 Quodcumque
1054 1393 1110 1458 pe·

224 1486 338 1552 mitt
360 1482 485 1549 Putrem
511 1486 546 1549 io
572 1485 697 1549 mutue
715 1500 798 1562 meo,
829 1482 887 1548 too
913 1480 1047 1563 facim
1075 1486 1110 1546 ut

225 1587 527 1674 obniteremur
547 1588 674 1671 iutilia.
703 1584 746 1651 Et
767 1586 875 1651 statim
898 1586 999 1666 addit,
1023 1586 1109 1650 idem

226 1696 300 1761 iere
322 1699 492 1778 repetens:
525 1693 562 1758 Si
587 1692 661 1776 ocio
686 1693 836 1774 petieritis
863 1702 913 1756 me
932 1694 968 1756 iu
984 1694 1109 1756 neruiue

225 1817 307 1880 meo,
327 1800 385 1866 iac
400 1798 527 1883 [odera
570 1797 674 1864 Marci
698 1798 754 1864 11:
778 1797 891 1863 Omnia
912 1813 1110 1879 quoecumque

225 1911 354 1972 crumas
373 1906 486 1986 petitis
508 1903 622 1968 credite
636 1902 711 1983 quio
732 1902 901 1980 accipietis,
922 1905 951 1965 ct
971 1902 1111 1965 weowut

225 2010 323 2076 eoba.
358 2008 457 2073 Hisce
472 2004 568 2071 toties
592 2004 741 2089 repetitis
758 2003 938 2083 sententiis,
960 2002 1104 2067 valtnos

226 2113 382 2179 Dominus
404 2111 545 2176 reddere
561 2118 681 2191 certos,
700 2125 764 2173 nos
779 2107 884 2171 omnia
905 2106 947 2171 ed
970 2107 1106 2172 salutem

225 2216 470 2285 amommodato
489 2222 694 2299 accepturos,
717 2213 744 2278 si
760 2219 858 2298 prout
872 2211 977 2295 decet,
999 2212 1106 2297 ipsum

223 2322 488 2409 perorationem
513 2319 695 2385 adierimus.

271 2427 384 2508 Tertio,
412 2427 488 2509 qnia
509 2432 561 2491 est
574 2423 713 2490 mediam
726 2422 891 2488 ordinarie
909 2420 950 2485 ad
968 2422 1106 2488 salutem

222 2531 454 2598 necessarium.
489 2530 572 2596 Nam
594 2529 753 2613 pleraque
772 2527 891 2593 auxilia
904 2524 947 2590 ad
969 2527 1105 2593 salutern

223 2641 412 2721 opportuna
432 2654 494 2718 per
515 2634 693 2700 orationem
716 2632 809 2697 nobis
832 2640 906 2697 sunt
927 2633 1104 2716 impetran-

224 2740 285 2805 da:
321 2758 437 2825 nempe
460 2759 543 2823 quae
565 2743 609 2808 ad
630 2741 835 2826 superandas
855 2742 1048 2807 tentationes
1071 2746 1105 2806 et

223 2844 269 2910 ad
291 2843 567 2928 perseverandum
589 2846 621 2910 in
643 2846 738 2911 finem
762 2845 925 2910 ordinarie
951 2854 1025 2911 sunt
1047 2865 1104 2909 ne-

223 2947 380 3016 cessarie.
430 2947 503 3014 litai
537 2950 621 3015 enim
653 2951 742 3016 Dens
778 2967 826 3015 ex'
854 2970 913 3015 sna
948 2949 1102 3016 ineffabili

223 3052 427 3135 benignitate
453 3054 549 3119 etiam
578 3073 642 3120 non
673 3055 840 3121 orantibus
855 3055 967 3120 'multa
1000 3075 1102 3139 saepe

223 3157 347 3223 anxilio
369 3165 534 3243 praestet3
557 3166 662 3225 tamen
682 3160 803 3227 auxilia
824 3160 966 3245 majora,
983 3167 1016 3226 et
1037 3161 1103 3225 sin·

222 3263 371 3346 guiarem
393 3262 479 3329 iiiam
502 3267 738 3350 protectionem
751 3286 792 3334 ae
806 3267 1023 3349 directionem,
1039 3286 1102 3351 qua

222 3369 296 3451 quis
311 3377 505 3452 perseverat
520 3370 552 3435 in
568 3372 662 3437 finem
676 3380 710 3438 et
732 3373 940 3457 consequitur
952 3370 1101 3455 salntem,

221 3490 285 3539 nec
305 3473 464 3557 promisit,
487 3493 549 3543 nec
565 3475 730 3543 ordinarie
749 3476 957 3572 contertnisi
979 3478 1100 3544 oranti·

823 3579 895 3657 1⁴⁵¹!
