2817 4317
319 542 383 615 tsi

316 742 505 819 ternumque
527 738 645 803 bonum
668 738 908 805 eonferendum.
953 736 1006 806 Ex
1039 758 1110 822 qne
1134 759 1205 824 pro·

318 838 476 922 pensione
505 848 610 906 motus
633 850 683 908 est
712 844 755 909 ad
781 841 972 908 condendos
995 839 1157 927 Angelos
1178 853 1205 911 et

318 942 483 1025 homines,
519 951 552 1009 et
584 946 626 1011 ad
661 966 720 1012 eos
743 946 933 1013 formandos
964 947 1008 1011 ad
1033 949 1205 1033 imaginem

319 1058 352 1109 et
374 1048 612 1114 similitudinem
643 1070 749 1130 suam,
780 1058 816 1115 ut
843 1069 901 1115 eos
925 1069 1004 1115 suae
1029 1051 1205 1118 divinitatis

318 1171 462 1233 suaeque
485 1152 609 1234 gloriae
632 1154 758 1220 feneret
781 1156 967 1247 participes.¹
1100 1161 1102 1165 ’

359 1255 388 1319 2.
412 1253 492 1330 Quia
518 1274 589 1326 eum
625 1258 745 1339 perditi
773 1277 918 1322 essemus
939 1277 1000 1340 per
1024 1266 1205 1340 peecatum,

317 1377 379 1423 non
414 1357 535 1442 abjeeit
565 1379 642 1425 nos:
680 1363 741 1427 sed
779 1362 1012 1448 benignissime
1036 1365 1206 1431 nobiseum

315 1462 396 1545 egit,
430 1463 586 1527 mittendo
616 1464 658 1529 ed
690 1484 751 1529 nos
779 1464 913 1544 Filium,
940 1464 1001 1554 'qui
1035 1475 1207 1551 assumpta

317 1573 430 1630 nostre
454 1571 568 1631 natura
590 1568 715 1634 visibili
737 1570 906 1634 nobiseum
927 1576 1144 1652 versaretur,
1178 1578 1207 1635 et

315 1689 375 1736 nos
411 1690 470 1754 per
507 1690 576 1736 eam
614 1665 789 1739 revooaret
820 1694 838 1739 e
871 1672 1036 1757 peeeetis,
1062 1672 1208 1739 doceret

316 1776 402 1842 viam
426 1776 555 1859 salutis,
589 1780 764 1859 praeberet
785 1777 934 1859 exempla
955 1777 1039 1838 bene
1061 1776 1207 1861 vivendi,

317 1880 524 1946 satisfaceret
547 1880 677 1945 divinae
700 1880 849 1965 justitiae
879 1899 940 1964 pro
971 1880 1098 1945 nostris
1131 1902 1208 1966 pee-

316 1983 409 2065 oatis,
430 2002 489 2047 sua
504 1983 658 2066 passione
674 1990 708 2047 et
726 1990 830 2048 morte
852 2001 912 2047 nos
931 1982 1125 2067 redimeret,
1149 2005 1207 2051 sno

316 2087 474 2170 sanguine
496 2105 556 2173 nos
576 2087 732 2165 ablueret,
756 2106 816 2152 sno
832 2087 948 2169 spiritu
970 2088 1208 2168 sanetifionret,

317 2197 352 2256 et
378 2190 461 2256 filios
491 2190 552 2254 Dei
583 2191 810 2273 constitueret,
842 2200 874 2254 et
905 2191 1040 2272 insuper
1074 2194 1208 2279 optimis

314 2287 516 2360 adsalutem
540 2296 742 2360 adminionlis
765 2295 973 2361 sensibilibus
997 2303 1031 2358 et
1062 2306 1203 2366 nostrae

317 2407 452 2461 naturae
476 2395 739 2479 neeommodatis,
762 2398 945 2461 instrueret

360 2502 390 2567 3.
414 2500 495 2577 Quia
526 2500 673 2565 abiturus
700 2502 733 2564 in
756 2502 898 2579 boeium,
931 2501 1079 2584 seipsum
1105 2513 1206 2574 toton

315 2606 410 2671 nobis
440 2605 586 2670 mirando
621 2605 718 2671 modo
752 2606 881 2687 reliquit
917 2606 949 2669 in
985 2605 1205 2679 Sam-amento

316 2708 562 2789 Euoheristiae,
592 2719 627 2774 ut
657 2728 717 2775 sua
739 2709 927 2792 praesentia
948 2729 1084 2792 semper
1113 2714 1205 2781 nobis

316 2815 348 2878 in
371 2814 435 2879 boe
460 2814 558 2878 exilio
593 2822 681 2879 esset
703 2814 839 2897 solatio,
873 2813 1012 2899 ejusque
1034 2815 1203 2883 oblatione

313 2918 415 2983 Deum
438 2918 651 3001 placaremus,
674 2925 707 2980 et
730 2917 802 3001 ejus
817 2918 999 3001 sumptione
1021 2917 1202 2987 divinitatis

316 3019 421 3104 ipsius
444 3017 647 3110 effioeremur
670 3017 862 3103 partieipes.

357 3126 386 3190 4.
410 3124 492 3201 Quia
524 3130 736 3208 pensatores,
772 3126 835 3189 etsi
867 3122 999 3208 saepius
1037 3126 1200 3212 relapsos,

313 3244 378 3293 non
410 3227 514 3291 solnm
550 3226 689 3291 sustinet
720 3227 897 3310 patienter,
931 3246 994 3292 non
1018 3231 1200 3314 punienda

254 3323 256 3327 '
315 3331 375 3397 sed
410 3337 443 3395 et
473 3348 609 3395 eversos
643 3339 779 3397 revoout
810 3338 844 3399 et
871 3331 987 3397 invitet
1018 3334 1065 3400 ad
1089 3337 1199 3421 poeni·
1227 3379 1229 3384 ·

310 3435 453 3518 tentiam,
482 3453 613 3518 semper
644 3441 780 3517 paratus
810 3453 870 3501 eos
892 3435 924 3500 in
946 3437 1090 3519 gratiam
1113 3441 1196 3509 reoi-
