2817 4317
1033 528 1099 594 247

220 731 283 788 tnm
299 722 448 812 omnium,
471 740 535 785 non
558 728 668 803 potest
689 720 756 785 ulio
775 720 871 785 modo
886 739 962 784 esse
978 720 1101 802 depen-

220 827 299 891 dens
322 829 363 891 ab
386 826 495 908 aliquo
518 825 593 906 elic,
611 845 651 890 sc
674 824 811 909 proinde
833 841 895 887 non
911 827 1020 904 petest
1042 820 1100 885 dc·

220 930 327 995 sinere
351 949 439 1009 esse,
462 936 517 994 eut
538 931 688 995 amittere
707 932 805 995 vitam
823 949 883 1014 per
905 928 1099 993 subtractio·

222 1054 297 1097 nem
317 1033 465 1111 influxus,
488 1052 548 1097 seu
571 1034 809 1118 dependentiae
831 1037 871 1099 eb
894 1034 1003 1115 eliqua
1021 1050 1099 1097 ceu·
1156 1108 1158 1110 ¹

219 1156 268 1201 ss.
311 1136 427 1219 ltaque
450 1143 566 1202 nature
592 1158 657 1209 scs
676 1146 727 1203 est
749 1139 834 1203 omni
855 1136 951 1202 modo
973 1136 1103 1201 immor-

219 1240 302 1305 talis.
338 1239 457 1305 Cetera
479 1259 560 1305 vero
584 1242 691 1307 omnin
714 1240 829 1323 (etism
853 1238 974 1323 Angeli
990 1244 1023 1329 et
1036 1238 1099 1301 Be-

218 1344 279 1421 sti,
317 1360 450 1426 quornm
484 1352 597 1409 natura
630 1352 663 1409 et
699 1345 767 1409 vits
804 1343 933 1417 videtur
960 1344 1101 1428 ,maxime

217 1444 426 1531 immortalis)
450 1465 520 1513 cnm
543 1455 658 1513 natura
680 1468 739 1512 sca
762 1448 969 1532 dependeant
990 1449 1031 1512 ab
1047 1465 1101 1509 as·

177 1567 182 1574 ·
218 1550 316 1630 sidno
338 1550 398 1614 nei
420 1550 551 1634 influxu,
574 1571 642 1635 quc
659 1552 733 1636 ipsa
754 1571 826 1617 eum
851 1558 919 1615 teta
952 1570 1011 1614 sus
1033 1549 1101 1613 vita

213 1647 357 1732 ‘naturali
380 1661 414 1719 et
436 1659 721 1738 conteneantur,
753 1655 931 1721 formentur
962 1660 996 1717 et
1024 1671 1102 1719 cen·

221 1762 413 1852 serventur,
443 1752 539 1826 etiem
568 1765 683 1824 nature
712 1778 771 1823 sna
793 1758 873 1830 telis,
893 1764 968 1827 sunt
990 1757 1125 1830 condi·

216 1864 334 1946 tionis,
357 1871 392 1929 ut
414 1864 543 1947 possint
565 1862 712 1927 emittere
734 1858 836 1925 vitam
855 1868 1041 1942 utramque,
1069 1868 1103 1925 et

180 2007 184 2018 ι
219 1957 369 2056 desinere
392 1981 486 2045 esse,
512 1966 600 2048 Deo,
636 1966 689 2048 qui
712 1965 769 2030 iile
792 1966 896 2043 libere
918 1971 1132 2041 conservet·

218 2070 370 2137 inflexum
394 2088 484 2135 sunm
507 2070 729 2146 subtrahente,
772 2066 868 2134 Unde
885 2067 1018 2158 Angeli,
1040 2068 1103 2132 etsi

218 2196 239 2240 s
270 2174 473 2257 philosophis
513 2181 545 2239 et
571 2174 738 2255 theologis
772 2173 979 2247 scholasticis
1003 2173 1101 2260 absc·

202 2282 287 2343 inte
310 2269 459 2342 dicantur
479 2285 594 2358 natura·
614 2298 677 2342 sne
694 2276 908 2357 immort'sles',
940 2294 980 2341 ec
1013 2274 1102 2359 quod

164 2375 168 2383 ’
198 2382 297 2447 ¹'nihii
329 2382 360 2445 in
395 2400 432 2446 ss
463 2382 605 2448 habeant
636 2381 723 2465 qnod
739 2378 850 2465 possit
871 2380 935 2444 illis
967 2386 1101 2443 mortem

165 2497 167 2506 '
217 2486 361 2565 adferre,
384 2484 419 2549 et
441 2485 516 2567 quie
537 2486 634 2551 nulls
656 2505 712 2549 res
747 2492 859 2550 create
889 2490 1002 2567 potest
1029 2482 1103 2546 illos

217 2590 400 2675 perimere,
432 2607 503 2653 cum
536 2585 762 2652 sintnatcree
788 2586 960 2669 simplices
983 2607 1043 2670 per
1066 2606 1104 2650 se
1194 2645 1197 2650 .

217 2678 451 2764 subsistentes:
481 2699 587 2755 tamen
616 2710 639 2756 n
671 2689 732 2755 SS.
760 2690 917 2753 Patribus
955 2690 1103 2755 dicuntur

217 2803 333 2861 nature
355 2816 414 2860 sua
436 2814 503 2862 esse
525 2794 686 2877 mortulae,
720 2802 751 2858 et
774 2794 845 2864 sola
868 2793 926 2857 ssei
953 2780 1104 2875 benigni·

219 2903 287 2963 tate
318 2916 357 2963 sc
389 2897 497 2981 gratia
529 2897 738 2961 immortales.
783 2896 844 2963 Ubi
875 2901 1013 2978 arntiam
1043 2914 1105 2960 vo·

206 3007 295 3071 ¹cent
319 3001 454 3066 liberum
479 3006 513 3064 ct
543 2993 717 3082 gratuitum
735 2995 815 3064 Dsi'
836 3000 1007 3092 inflexum,
1039 3019 1103 3083 quc
1183 3029 1186 3033 ·

217 3113 366 3172 naturam
388 3123 499 3169 eccum
522 3110 719 3169 conservat:
742 3105 797 3185 qui
812 3112 928 3184 temen,
952 3104 1028 3186 quis
1044 3124 1101 3167 nc·
1140 3126 1145 3149 ι

219 3220 313 3276 turae
334 3227 446 3291 eorum
469 3214 520 3272 est
540 3206 687 3288 debitus,
710 3216 774 3271 non
795 3216 848 3272 est
872 3214 1104 3291 supernatura·

206 3315 276 3395 iis,
294 3312 368 3378 ised
398 3312 563 3376 naturalis.
625 3311 751 3396 Dicitur
787 3317 895 3401 autent
935 3316 1100 3393 etelectus,

220 3418 296 3503 quis
317 3414 381 3482 non
405 3422 457 3512 est
474 3405 519 3479 ¹en
537 3414 658 3481 meritis
675 3416 842 3500 ipsorum„
857 3415 942 3500 sient
956 3424 994 3480 et
1010 3426 1103 3482 cren·
