2817 4317
1096 537 1136 608 ss

256 732 415 817 quaedam
429 738 504 801 aunt
525 730 743 813 observanda,
765 736 831 795 tum
852 736 928 795 ante
949 732 1138 815 orationem,

255 845 323 911 tum
355 837 395 907 iu,
421 838 495 922 ipsa
523 836 681 904 oratione.
727 833 817 905 Ante
841 836 923 902 enim
958 837 1136 906 orationem

255 960 339 1027 upns
369 951 421 1010 est
451 941 589 1026 quadum
614 940 884 1025 praeparatione,
917 940 958 1005 de
987 961 1052 1023 qua
1074 939 1136 1005 Sa·

254 1050 348 1133 piens
382 1046 608 1116 Euelesiastiei
640 1045 696 1113 18:
726 1046 805 1113 Ante
839 1049 1011 1111 orationem
1043 1062 1136 1126 prue-

253 1171 339 1236 pnru
362 1156 500 1225 ammaum
522 1157 618 1231 tuum,
642 1156 671 1216 et
691 1152 755 1216 aeli
777 1167 844 1216 esse
865 1153 955 1232 paesi
976 1150 1066 1214 temo
1084 1153 1137 1232 pei

255 1261 355 1322 tentat
376 1258 485 1324 Dm
516 1257 661 1324 'fentana-
680 1256 766 1324 enim
785 1254 886 1319 Deum
902 1260 1062 1335 censetur,
1082 1255 1135 1338 qni
1171 1278 1175 1286 ·

256 1360 353 1426 medo
365 1360 407 1425 ad
419 1359 653 1444 impetrandum
668 1360 790 1441 inepto,
807 1366 840 1421 et
852 1358 905 1441 qni
916 1358 1027 1442 potius
1045 1360 1136 1442 iram,

255 1483 360 1547 quam.
380 1464 569 1540 beneiiuinm
593 1472 745 1545 meretur,
768 1464 941 1548 impetrare
963 1464 1136 1530 eontendit.

274 1568 389 1645 ,Haeo
424 1568 634 1652 praeparatio
664 1568 727 1634 tria
756 1568 899 1651 requirit.
944 1569 1065 1649 Primo,
1102 1578 1136 1636 nt

255 1672 368 1753 Deum,
390 1692 461 1742 enm
473 1691 541 1756 uuo
556 1671 718 1755 agendum
738 1680 802 1753 est,
825 1681 899 1738 ante
915 1675 1026 1740 oeulos
1041 1676 1135 1740 nobis

253 1795 429 1859 ponamus,
457 1783 491 1850 et
521 1794 585 1843 nus
611 1779 643 1842 iu
671 1785 849 1861 conspeetu
873 1779 944 1862 ejus
972 1779 1135 1844 sistamus.

252 1882 325 1954 Hoe
347 1887 454 1950 antem
482 1882 590 1960 multis
621 1883 727 1952 modis
756 1882 826 1946 fieri
852 1890 972 1965 potest.
1016 1882 1134 1964 Primo,

254 1984 283 2048 si
314 1985 659 2067 eoneipianpns;‚ilinm‚
690 1995 870 2070 tamqnam
889 1986 1036 2069 spiritum
1073 2008 1133 2070 pen

254 2088 360 2171 opuuia
382 2087 548 2174 diffusam,
576 2092 683 2158 omniu
703 2092 888 2174 implentem
908 2098 942 2155 et
968 2092 1133 2159 eontinen-

252 2200 334 2275 tem,
365 2203 541 2277 nostraque
568 2198 675 2264 omnia
704 2194 884 2262 planissime
904 2194 1077 2258 intuentem
1100 2206 1134 2261 et

251 2300 453 2374 sentientem.
488 2298 567 2383 Ipsa
589 2301 673 2366 enim
695 2302 815 2385 ubique
837 2318 996 2382 praesens
1018 2305 1078 2379 est,
1093 2309 1134 2365 ,et

252 2402 333 2469 nauli
357 2407 425 2483 ejus
447 2405 549 2481 desim
571 2407 681 2472 millies
700 2406 764 2470 sole
786 2406 961 2486 lucidiores,
980 2409 1133 2471 intuentes

253 2524 359 2574 omues
380 2509 644 2596 statuminum,
674 2517 702 2576 et
724 2511 866 2577 sordium
885 2529 1016 2580 urenae.
1061 2509 1131 2587 Qun

250 2610 301 2678 sie
326 2612 367 2692 ub
396 2610 514 2688 uanius
533 2612 711 2697 ,proposito
740 2620 774 2677 et
798 2613 1021 2695 consideratu,
1051 2620 1131 2677 tam.-

253 2735 348 2800 quam
377 2735 449 2782 enm
474 2725 649 2802 psaesente
674 2725 707 2800 et
728 2734 789 2780 nes
809 2717 951 2781 intuente
974 2736 1014 2782 ae
1037 2718 1130 2783 audiv

249 2827 335 2900 epte,
357 2828 427 2890 tata
448 2822 595 2904 urmiene
617 2821 787 2904 agendum.
1034 2900 1036 2904 y

292 2926 449 3008 Secunde,
471 2927 500 2992 si
513 2915 717 3009 concipiatur
730 2935 891 3009 tamquam
906 2926 961 2991 lux
974 2927 1130 2992 immensa

248 3029 357 3106 intime
379 3032 472 3098 nubis
494 3050 668 3115 praesens,
691 3038 725 3096 et
746 3031 777 3100 in
799 3032 900 3097 eorde
923 3040 1035 3100 nostre
1058 3050 1130 3097 eum

249 3134 397 3214 omnibus
418 3134 583 3208 mensuris
605 3144 639 3201 et
658 3136 753 3203 dunis
777 3136 860 3218 suis,
888 3157 959 3203 eum
983 3144 1050 3201 tota
1070 3154 1131 3219 ρο-

248 3237 365 3320 tentia,
398 3240 573 3325 sapientia,
604 3242 793 3323 sanetitate‚
829 3250 862 3306 et
892 3244 1036 3308 bonitate
1067 3262 1128 3308 sna

249 3341 384 3426 (quibus
407 3344 437 3407 in
453 3353 613 3414 memento
635 3365 696 3416 nus
715 3355 847 3418 sanetus
868 3356 902 3414 et
916 3350 1031 3412 beatus
1054 3348 1125 3414 eiii·

246 3448 651 3534 ceremonensem.
683 3451 727 3520 m
748 3452 812 3522 hee
833 3454 931 3522 mede
953 3453 1123 3537 dirigimus.
