<?xml version="1.0" encoding="UTF-8"?>
<!DOCTYPE html PUBLIC "-//W3C//DTD XHTML 1.0 Transitional//EN"
    "http://www.w3.org/TR/xhtml1/DTD/xhtml1-transitional.dtd">
<html xmlns="http://www.w3.org/1999/xhtml" xml:lang="en" lang="en">
 <head>
  <title>
</title>
<meta http-equiv="Content-Type" content="text/html;charset=utf-8" />
  <meta name='ocr-system' content='tesseract 3.04.00' />
  <meta name='ocr-capabilities' content='ocr_page ocr_carea ocr_par ocr_line ocrx_word'/>
</head>
<body>
  <div class='ocr_page' id='page_1' title='image "./leonardilessiio00lessgoog_0258.png"; bbox 0 0 2817 4317; ppageno 0'>
   <div class='ocr_carea' id='block_1_1' title="bbox 540 791 868 994">
    <p class='ocr_par' dir='ltr' id='par_1_1' title="bbox 540 791 868 994">
     <span class='ocr_line' id='line_1_1' title="bbox 540 791 868 853; baseline -0.003 -2"><span class='ocrx_word' id='word_1_1' title='bbox 540 791 798 853; x_wconf 77' lang='lat' dir='ltr'><strong>CONSIDERATIO</strong></span> <span class='ocrx_word' id='word_1_2' title='bbox 823 792 868 851; x_wconf 88' lang='lat' dir='ltr'>Xl.</span> 
     </span>
     <span class='ocr_line' id='line_1_2' title="bbox 560 927 853 994; baseline -0.007 -2"><span class='ocrx_word' id='word_1_3' title='bbox 560 928 763 994; x_wconf 70' lang='lat' dir='ltr'>velocitate</span> <span class='ocrx_word' id='word_1_4' title='bbox 785 927 853 993; x_wconf 82' lang='lat' dir='ltr'>Det.</span> 
     </span>
    </p>
   </div>
   <div class='ocr_carea' id='block_1_2' title="bbox 398 1064 1012 1133">
    <p class='ocr_par' dir='ltr' id='par_1_2' title="bbox 398 1064 1012 1133">
     <span class='ocr_line' id='line_1_3' title="bbox 398 1064 1012 1133; baseline 0.002 -20"><span class='ocrx_word' id='word_1_5' title='bbox 398 1064 507 1115; x_wconf 78' lang='lat' dir='ltr'>Affeclu</span> <span class='ocrx_word' id='word_1_6' title='bbox 526 1066 731 1133; x_wconf 66' lang='lat' dir='ltr'>complacentiam</span> <span class='ocrx_word' id='word_1_7' title='bbox 751 1068 778 1117; x_wconf 88' lang='lat' dir='ltr'>in</span> <span class='ocrx_word' id='word_1_8' title='bbox 796 1066 867 1116; x_wconf 85' lang='lat' dir='ltr'>bonu</span> <span class='ocrx_word' id='word_1_9' title='bbox 885 1066 1012 1115; x_wconf 81' lang='lat' dir='ltr'>increato.</span> 
     </span>
    </p>
   </div>
   <div class='ocr_carea' id='block_1_3' title="bbox 245 1186 1148 1687">
    <p class='ocr_par' dir='ltr' id='par_1_3' title="bbox 245 1186 1148 1687">
     <span class='ocr_line' id='line_1_4' title="bbox 304 1186 1144 1269; baseline 0 -18"><span class='ocrx_word' id='word_1_10' title='bbox 304 1188 411 1252; x_wconf 74' lang='lat' dir='ltr'>Bonus</span> <span class='ocrx_word' id='word_1_11' title='bbox 435 1186 565 1252; x_wconf 86' lang='lat' dir='ltr'>dicitnr:</span> <span class='ocrx_word' id='word_1_12' title='bbox 601 1189 629 1255; x_wconf 85' lang='lat'>1.</span> <span class='ocrx_word' id='word_1_13' title='bbox 652 1198 685 1255; x_wconf 93' lang='lat' dir='ltr'>ut</span> <span class='ocrx_word' id='word_1_14' title='bbox 705 1192 778 1255; x_wconf 85' lang='lat' dir='ltr'>sons</span> <span class='ocrx_word' id='word_1_15' title='bbox 808 1191 964 1257; x_wconf 83' lang='lat' dir='ltr'>bonorum</span> <span class='ocrx_word' id='word_1_16' title='bbox 989 1188 1144 1269; x_wconf 82' lang='lat' dir='ltr'>omnium3</span> 
     </span>
     <span class='ocr_line' id='line_1_5' title="bbox 259 1287 1147 1374; baseline -0.002 -18"><span class='ocrx_word' id='word_1_17' title='bbox 259 1291 401 1374; x_wconf 83' lang='lat' dir='ltr'>abipso</span> <span class='ocrx_word' id='word_1_18' title='bbox 426 1292 507 1354; x_wconf 90' lang='lat' dir='ltr'>enim</span> <span class='ocrx_word' id='word_1_19' title='bbox 532 1293 701 1359; x_wconf 84' lang='lat' dir='ltr'>descendit</span> <span class='ocrx_word' id='word_1_20' title='bbox 724 1314 817 1359; x_wconf 86' lang='lat' dir='ltr'>omne</span> <span class='ocrx_word' id='word_1_21' title='bbox 849 1296 966 1358; x_wconf 91' lang='lat' dir='ltr'>bonum</span> <span class='ocrx_word' id='word_1_22' title='bbox 998 1287 1147 1371; x_wconf 84' lang='lat' dir='ltr'>Angelo-</span> 
     </span>
     <span class='ocr_line' id='line_1_6' title="bbox 260 1394 1148 1474; baseline 0 -16"><span class='ocrx_word' id='word_1_23' title='bbox 260 1414 331 1458; x_wconf 85' lang='lat' dir='ltr'>rum</span> <span class='ocrx_word' id='word_1_24' title='bbox 354 1402 387 1458; x_wconf 88' lang='lat' dir='ltr'>et</span> <span class='ocrx_word' id='word_1_25' title='bbox 410 1395 579 1474; x_wconf 83' lang='lat' dir='ltr'>hominum,</span> <span class='ocrx_word' id='word_1_26' title='bbox 602 1416 640 1461; x_wconf 79' lang='lat' dir='ltr'>ao</span> <span class='ocrx_word' id='word_1_27' title='bbox 664 1400 765 1462; x_wconf 86' lang='lat' dir='ltr'>totins</span> <span class='ocrx_word' id='word_1_28' title='bbox 798 1396 961 1474; x_wconf 84' lang='lat' dir='ltr'>universi,</span> <span class='ocrx_word' id='word_1_29' title='bbox 994 1394 1026 1456; x_wconf 91' lang='lat' dir='ltr'>in</span> <span class='ocrx_word' id='word_1_30' title='bbox 1059 1402 1148 1458; x_wconf 86' lang='lat' dir='ltr'>statu</span> 
     </span>
     <span class='ocr_line' id='line_1_7' title="bbox 260 1500 1144 1583; baseline -0.001 -22"><span class='ocrx_word' id='word_1_31' title='bbox 260 1505 413 1578; x_wconf 85' lang='lat' dir='ltr'>naturae,</span> <span class='ocrx_word' id='word_1_32' title='bbox 444 1500 569 1581; x_wconf 80' lang='lat' dir='ltr'>gratiae</span> <span class='ocrx_word' id='word_1_33' title='bbox 602 1507 635 1563; x_wconf 91' lang='lat' dir='ltr'>et</span> <span class='ocrx_word' id='word_1_34' title='bbox 664 1502 806 1583; x_wconf 83' lang='lat' dir='ltr'>gloriae:</span> <span class='ocrx_word' id='word_1_35' title='bbox 836 1507 869 1564; x_wconf 88' lang='lat' dir='ltr'>et</span> <span class='ocrx_word' id='word_1_36' title='bbox 899 1517 995 1561; x_wconf 91' lang='lat' dir='ltr'>omne</span> <span class='ocrx_word' id='word_1_37' title='bbox 1027 1500 1144 1573; x_wconf 87' lang='lat' dir='ltr'>bonum</span> 
     </span>
     <span class='ocr_line' id='line_1_8' title="bbox 245 1589 1147 1687; baseline -0.001 -22"><span class='ocrx_word' id='word_1_38' title='bbox 245 1589 407 1665; x_wconf 64' lang='lat' dir='ltr'>&#39;crustum</span> <span class='ocrx_word' id='word_1_39' title='bbox 430 1610 481 1667; x_wconf 88' lang='lat' dir='ltr'>ost</span> <span class='ocrx_word' id='word_1_40' title='bbox 503 1604 608 1668; x_wconf 87' lang='lat' dir='ltr'>tenuis</span> <span class='ocrx_word' id='word_1_41' title='bbox 628 1605 787 1687; x_wconf 80' lang='lat' dir='ltr'>quaedam</span> <span class='ocrx_word' id='word_1_42' title='bbox 804 1603 1009 1686; x_wconf 82' lang='lat' dir='ltr'>participatio</span> <span class='ocrx_word' id='word_1_43' title='bbox 1025 1609 1058 1666; x_wconf 86' lang='lat' dir='ltr'>et</span> <span class='ocrx_word' id='word_1_44' title='bbox 1076 1602 1147 1665; x_wconf 88' lang='lat' dir='ltr'>exi·</span> 
     </span>
    </p>
   </div>
   <div class='ocr_carea' id='block_1_4' title="bbox 261 1706 1150 3558">
    <p class='ocr_par' dir='ltr' id='par_1_4' title="bbox 261 1706 1149 2080">
     <span class='ocr_line' id='line_1_9' title="bbox 261 1706 1149 1791; baseline 0 -22"><span class='ocrx_word' id='word_1_45' title='bbox 261 1723 329 1789; x_wconf 76' lang='lat' dir='ltr'>gua</span> <span class='ocrx_word' id='word_1_46' title='bbox 352 1706 492 1771; x_wconf 87' lang='lat' dir='ltr'>scintilla</span> <span class='ocrx_word' id='word_1_47' title='bbox 514 1708 624 1772; x_wconf 88' lang='lat' dir='ltr'>infiniti</span> <span class='ocrx_word' id='word_1_48' title='bbox 648 1708 736 1773; x_wconf 88' lang='lat' dir='ltr'>illius</span> <span class='ocrx_word' id='word_1_49' title='bbox 759 1707 844 1770; x_wconf 83' lang='lat' dir='ltr'>boni</span> <span class='ocrx_word' id='word_1_50' title='bbox 891 1706 966 1791; x_wconf 91' lang='lat' dir='ltr'>lpse</span> <span class='ocrx_word' id='word_1_51' title='bbox 1000 1712 1052 1769; x_wconf 88' lang='lat' dir='ltr'>est</span> <span class='ocrx_word' id='word_1_52' title='bbox 1091 1725 1149 1769; x_wconf 83' lang='lat' dir='ltr'>au·</span> 
     </span>
     <span class='ocr_line' id='line_1_10' title="bbox 261 1809 1149 1899; baseline 0 -26"><span class='ocrx_word' id='word_1_53' title='bbox 261 1817 335 1873; x_wconf 88' lang='lat' dir='ltr'>ctor</span> <span class='ocrx_word' id='word_1_54' title='bbox 358 1809 460 1899; x_wconf 84' lang='lat' dir='ltr'>omnis</span> <span class='ocrx_word' id='word_1_55' title='bbox 484 1812 694 1894; x_wconf 87' lang='lat' dir='ltr'>perfectionis</span> <span class='ocrx_word' id='word_1_56' title='bbox 723 1830 763 1875; x_wconf 83' lang='lat' dir='ltr'>ec</span> <span class='ocrx_word' id='word_1_57' title='bbox 798 1811 1063 1889; x_wconf 81' lang='lat' dir='ltr'>convenientiae,</span> <span class='ocrx_word' id='word_1_58' title='bbox 1095 1831 1149 1873; x_wconf 84' lang='lat' dir='ltr'>ra-</span> 
     </span>
     <span class='ocr_line' id='line_1_11' title="bbox 263 1899 1149 1997; baseline -0.001 -21"><span class='ocrx_word' id='word_1_59' title='bbox 263 1912 354 1976; x_wconf 91' lang='lat' dir='ltr'>tione</span> <span class='ocrx_word' id='word_1_60' title='bbox 379 1913 472 1996; x_wconf 88' lang='lat' dir='ltr'>cnjus</span> <span class='ocrx_word' id='word_1_61' title='bbox 496 1915 613 1979; x_wconf 88' lang='lat' dir='ltr'>dicitur</span> <span class='ocrx_word' id='word_1_62' title='bbox 644 1918 731 1981; x_wconf 87' lang='lat' dir='ltr'>bona</span> <span class='ocrx_word' id='word_1_63' title='bbox 760 1899 870 1997; x_wconf 76' lang='lat' dir='ltr'>elteri,</span> <span class='ocrx_word' id='word_1_64' title='bbox 903 1916 954 1979; x_wconf 90' lang='lat' dir='ltr'>oui</span> <span class='ocrx_word' id='word_1_65' title='bbox 988 1922 1039 1977; x_wconf 84' lang='lat' dir='ltr'>est</span> <span class='ocrx_word' id='word_1_66' title='bbox 1071 1931 1149 1977; x_wconf 87' lang='lat' dir='ltr'>oon·</span> 
     </span>
     <span class='ocr_line' id='line_1_12' title="bbox 263 2016 983 2080; baseline 0.007 -1"><span class='ocrx_word' id='word_1_67' title='bbox 263 2018 406 2080; x_wconf 85' lang='lat' dir='ltr'>veniens.</span> <span class='ocrx_word' id='word_1_68' title='bbox 981 2016 983 2019; x_wconf 41' lang='lat'><em>⁴</em></span> 
     </span>
    </p>

    <p class='ocr_par' dir='ltr' id='par_1_5' title="bbox 261 2120 1150 3331">
     <span class='ocr_line' id='line_1_13' title="bbox 309 2120 1149 2208; baseline -0.001 -23"><span class='ocrx_word' id='word_1_69' title='bbox 309 2120 338 2185; x_wconf 85' lang='lat'>2.</span> <span class='ocrx_word' id='word_1_70' title='bbox 364 2122 567 2203; x_wconf 81' lang='lat' dir='ltr'>Formclilcr,</span> <span class='ocrx_word' id='word_1_71' title='bbox 591 2123 666 2204; x_wconf 89' lang='lat' dir='ltr'>quia</span> <span class='ocrx_word' id='word_1_72' title='bbox 688 2124 720 2187; x_wconf 92' lang='lat' dir='ltr'>iu</span> <span class='ocrx_word' id='word_1_73' title='bbox 744 2125 819 2208; x_wconf 90' lang='lat' dir='ltr'>ipso</span> <span class='ocrx_word' id='word_1_74' title='bbox 833 2131 884 2188; x_wconf 86' lang='lat' dir='ltr'>est</span> <span class='ocrx_word' id='word_1_75' title='bbox 898 2121 1063 2205; x_wconf 87' lang='lat' dir='ltr'>plenitudo</span> <span class='ocrx_word' id='word_1_76' title='bbox 1080 2140 1149 2185; x_wconf 94' lang='lat' dir='ltr'>om-</span> 
     </span>
     <span class='ocr_line' id='line_1_14' title="bbox 264 2224 1149 2309; baseline -0.003 -21"><span class='ocrx_word' id='word_1_77' title='bbox 264 2224 316 2288; x_wconf 88' lang='lat' dir='ltr'>nis</span> <span class='ocrx_word' id='word_1_78' title='bbox 337 2227 414 2290; x_wconf 87' lang='lat' dir='ltr'>boni</span> <span class='ocrx_word' id='word_1_79' title='bbox 436 2228 663 2309; x_wconf 85' lang='lat' dir='ltr'>conceptibilis</span> <span class='ocrx_word' id='word_1_80' title='bbox 688 2249 708 2292; x_wconf 83' lang='lat' dir='ltr'><strong>a</strong></span> <span class='ocrx_word' id='word_1_81' title='bbox 729 2237 834 2293; x_wconf 87' lang='lat' dir='ltr'>mente</span> <span class='ocrx_word' id='word_1_82' title='bbox 857 2234 985 2307; x_wconf 79' lang='lat' dir='ltr'>croata3</span> <span class='ocrx_word' id='word_1_83' title='bbox 1009 2224 1149 2289; x_wconf 84' lang='lat' dir='ltr'>adeunt</span> 
     </span>
     <span class='ocr_line' id='line_1_15' title="bbox 262 2327 1150 2416; baseline -0.003 -24"><span class='ocrx_word' id='word_1_84' title='bbox 262 2329 383 2402; x_wconf 86' lang='lat' dir='ltr'>nullum</span> <span class='ocrx_word' id='word_1_85' title='bbox 406 2331 533 2413; x_wconf 88' lang='lat' dir='ltr'>bonum,</span> <span class='ocrx_word' id='word_1_86' title='bbox 557 2331 645 2396; x_wconf 82' lang='lat' dir='ltr'>nulla</span> <span class='ocrx_word' id='word_1_87' title='bbox 668 2334 845 2416; x_wconf 83' lang='lat' dir='ltr'>perfectio,</span> <span class='ocrx_word' id='word_1_88' title='bbox 869 2332 956 2395; x_wconf 84' lang='lat' dir='ltr'>nullu</span> <span class='ocrx_word' id='word_1_89' title='bbox 982 2327 1150 2393; x_wconf 85' lang='lat' dir='ltr'>excellen-</span> 
     </span>
     <span class='ocr_line' id='line_1_16' title="bbox 262 2429 1148 2518; baseline -0.002 -24"><span class='ocrx_word' id='word_1_90' title='bbox 262 2432 308 2495; x_wconf 83' lang='lat' dir='ltr'>tia</span> <span class='ocrx_word' id='word_1_91' title='bbox 333 2433 459 2515; x_wconf 90' lang='lat' dir='ltr'>concipi</span> <span class='ocrx_word' id='word_1_92' title='bbox 483 2436 597 2517; x_wconf 88' lang='lat' dir='ltr'>possit,</span> <span class='ocrx_word' id='word_1_93' title='bbox 621 2429 709 2518; x_wconf 75' lang='lat' dir='ltr'>quae·</span> <span class='ocrx_word' id='word_1_94' title='bbox 727 2438 759 2500; x_wconf 92' lang='lat' dir='ltr'>in</span> <span class='ocrx_word' id='word_1_95' title='bbox 782 2437 857 2518; x_wconf 89' lang='lat' dir='ltr'>ipso</span> <span class='ocrx_word' id='word_1_96' title='bbox 880 2433 909 2497; x_wconf 87' lang='lat' dir='ltr'>in</span> <span class='ocrx_word' id='word_1_97' title='bbox 933 2450 1056 2498; x_wconf 89' lang='lat' dir='ltr'>summo</span> <span class='ocrx_word' id='word_1_98' title='bbox 1072 2450 1148 2513; x_wconf 83' lang='lat' dir='ltr'>gra·</span> 
     </span>
     <span class='ocr_line' id='line_1_17' title="bbox 261 2534 1147 2623; baseline -0.002 -24"><span class='ocrx_word' id='word_1_99' title='bbox 261 2536 318 2616; x_wconf 88' lang='lat' dir='ltr'>du,</span> <span class='ocrx_word' id='word_1_100' title='bbox 341 2539 375 2599; x_wconf 88' lang='lat' dir='ltr'>et</span> <span class='ocrx_word' id='word_1_101' title='bbox 396 2554 468 2599; x_wconf 93' lang='lat' dir='ltr'>cum</span> <span class='ocrx_word' id='word_1_102' title='bbox 490 2536 612 2602; x_wconf 91' lang='lat' dir='ltr'>infinito</span> <span class='ocrx_word' id='word_1_103' title='bbox 627 2557 766 2623; x_wconf 84' lang='lat' dir='ltr'>excessu</span> <span class='ocrx_word' id='word_1_104' title='bbox 786 2557 847 2604; x_wconf 92' lang='lat' dir='ltr'>nou</span> <span class='ocrx_word' id='word_1_105' title='bbox 865 2538 1075 2603; x_wconf 82' lang='lat' dir='ltr'>contineatur.</span> <span class='ocrx_word' id='word_1_106' title='bbox 1112 2534 1147 2598; x_wconf 93' lang='lat' dir='ltr'>ln</span> 
     </span>
     <span class='ocr_line' id='line_1_18' title="bbox 266 2640 1149 2725; baseline 0.001 -23"><span class='ocrx_word' id='word_1_107' title='bbox 266 2641 342 2724; x_wconf 90' lang='lat' dir='ltr'>ipso</span> <span class='ocrx_word' id='word_1_108' title='bbox 365 2640 488 2704; x_wconf 82' lang='lat' dir='ltr'>infinita</span> <span class='ocrx_word' id='word_1_109' title='bbox 513 2642 581 2721; x_wconf 84' lang='lat' dir='ltr'>lux,</span> <span class='ocrx_word' id='word_1_110' title='bbox 612 2643 735 2706; x_wconf 87' lang='lat' dir='ltr'>infinita</span> <span class='ocrx_word' id='word_1_111' title='bbox 757 2644 919 2725; x_wconf 84' lang='lat' dir='ltr'>potentia,</span> <span class='ocrx_word' id='word_1_112' title='bbox 951 2640 1076 2706; x_wconf 85' lang='lat' dir='ltr'>inlicita</span> <span class='ocrx_word' id='word_1_113' title='bbox 1095 2660 1149 2704; x_wconf 81' lang='lat' dir='ltr'>sa-</span> 
     </span>
     <span class='ocr_line' id='line_1_19' title="bbox 262 2744 1148 2833; baseline -0.001 -25"><span class='ocrx_word' id='word_1_114' title='bbox 262 2744 403 2827; x_wconf 78' lang='lat' dir='ltr'>pientia,</span> <span class='ocrx_word' id='word_1_115' title='bbox 439 2746 564 2810; x_wconf 82' lang='lat' dir='ltr'>infinita</span> <span class='ocrx_word' id='word_1_116' title='bbox 588 2745 811 2833; x_wconf 78' lang='lat' dir='ltr'>pulchritudo,</span> <span class='ocrx_word' id='word_1_117' title='bbox 846 2746 969 2810; x_wconf 83' lang='lat' dir='ltr'>infinita</span> <span class='ocrx_word' id='word_1_118' title='bbox 991 2744 1148 2821; x_wconf 82' lang='lat' dir='ltr'>suavitas,</span> 
     </span>
     <span class='ocr_line' id='line_1_20' title="bbox 264 2847 1149 2932; baseline 0 -22"><span class='ocrx_word' id='word_1_119' title='bbox 264 2847 423 2912; x_wconf 85' lang='lat' dir='ltr'>inlinitum</span> <span class='ocrx_word' id='word_1_120' title='bbox 447 2851 609 2932; x_wconf 81' lang='lat' dir='ltr'>gaudium,</span> <span class='ocrx_word' id='word_1_121' title='bbox 632 2850 756 2914; x_wconf 87' lang='lat' dir='ltr'>infinita</span> <span class='ocrx_word' id='word_1_122' title='bbox 778 2848 903 2932; x_wconf 79' lang='lat' dir='ltr'>gloria,</span> <span class='ocrx_word' id='word_1_123' title='bbox 923 2848 1046 2911; x_wconf 81' lang='lat' dir='ltr'>infinita</span> <span class='ocrx_word' id='word_1_124' title='bbox 1069 2851 1149 2912; x_wconf 82' lang='lat' dir='ltr'>bea·</span> 
     </span>
     <span class='ocr_line' id='line_1_21' title="bbox 263 2951 1148 3035; baseline -0.002 -19"><span class='ocrx_word' id='word_1_125' title='bbox 263 2952 351 3028; x_wconf 82' lang='lat' dir='ltr'>titas,</span> <span class='ocrx_word' id='word_1_126' title='bbox 370 2953 491 3018; x_wconf 85' lang='lat' dir='ltr'>infinita</span> <span class='ocrx_word' id='word_1_127' title='bbox 515 2954 692 3035; x_wconf 84' lang='lat' dir='ltr'>sanctitas,</span> <span class='ocrx_word' id='word_1_128' title='bbox 716 2951 840 3016; x_wconf 83' lang='lat' dir='ltr'>infinita</span> <span class='ocrx_word' id='word_1_129' title='bbox 857 2951 1002 3035; x_wconf 87' lang='lat' dir='ltr'>justitia,</span> <span class='ocrx_word' id='word_1_130' title='bbox 1027 2951 1148 3015; x_wconf 87' lang='lat' dir='ltr'>inlinitu</span> 
     </span>
     <span class='ocr_line' id='line_1_22' title="bbox 264 3056 1148 3139; baseline -0.002 -18"><span class='ocrx_word' id='word_1_131' title='bbox 264 3058 497 3123; x_wconf 81' lang='lat' dir='ltr'>misericordia.</span> <span class='ocrx_word' id='word_1_132' title='bbox 542 3056 608 3122; x_wconf 91' lang='lat' dir='ltr'>lmo</span> <span class='ocrx_word' id='word_1_133' title='bbox 632 3059 770 3139; x_wconf 78' lang='lat' dir='ltr'>ipsemet</span> <span class='ocrx_word' id='word_1_134' title='bbox 792 3064 844 3121; x_wconf 88' lang='lat' dir='ltr'>est</span> <span class='ocrx_word' id='word_1_135' title='bbox 866 3059 949 3123; x_wconf 82' lang='lat' dir='ltr'>haec</span> <span class='ocrx_word' id='word_1_136' title='bbox 971 3058 1077 3121; x_wconf 83' lang='lat' dir='ltr'>omnia</span> <span class='ocrx_word' id='word_1_137' title='bbox 1099 3056 1148 3119; x_wconf 87' lang='lat' dir='ltr'>al·</span> 
     </span>
     <span class='ocr_line' id='line_1_23' title="bbox 264 3154 1148 3245; baseline -0.002 -19"><span class='ocrx_word' id='word_1_138' title='bbox 264 3161 390 3226; x_wconf 86' lang='lat' dir='ltr'>tissime</span> <span class='ocrx_word' id='word_1_139' title='bbox 420 3170 454 3226; x_wconf 86' lang='lat' dir='ltr'>et</span> <span class='ocrx_word' id='word_1_140' title='bbox 474 3161 715 3245; x_wconf 84' lang='lat' dir='ltr'>simplicissimo</span> <span class='ocrx_word' id='word_1_141' title='bbox 745 3162 841 3226; x_wconf 90' lang='lat' dir='ltr'>modo</span> <span class='ocrx_word' id='word_1_142' title='bbox 865 3182 924 3245; x_wconf 90' lang='lat' dir='ltr'>per</span> <span class='ocrx_word' id='word_1_143' title='bbox 944 3154 1148 3243; x_wconf 86' lang='lat' dir='ltr'>simplicissi-</span> 
     </span>
     <span class='ocr_line' id='line_1_24' title="bbox 265 3266 664 3331; baseline 0.003 -3"><span class='ocrx_word' id='word_1_144' title='bbox 265 3285 347 3329; x_wconf 80' lang='lat' dir='ltr'>mam</span> <span class='ocrx_word' id='word_1_145' title='bbox 370 3266 541 3329; x_wconf 81' lang='lat' dir='ltr'>essentium</span> <span class='ocrx_word' id='word_1_146' title='bbox 564 3285 664 3331; x_wconf 84' lang='lat' dir='ltr'>suum.</span> 
     </span>
    </p>

    <p class='ocr_par' dir='ltr' id='par_1_6' title="bbox 264 3369 1147 3558">
     <span class='ocr_line' id='line_1_25' title="bbox 307 3369 1145 3452; baseline 0 -20"><span class='ocrx_word' id='word_1_147' title='bbox 307 3369 337 3435; x_wconf 87' lang='lat'>3.</span> <span class='ocrx_word' id='word_1_148' title='bbox 360 3369 483 3434; x_wconf 79' lang='lat' dir='ltr'>Dicitur</span> <span class='ocrx_word' id='word_1_149' title='bbox 505 3371 620 3451; x_wconf 80' lang='lat' dir='ltr'>tonos,</span> <span class='ocrx_word' id='word_1_150' title='bbox 643 3389 703 3452; x_wconf 88' lang='lat' dir='ltr'>per</span> <span class='ocrx_word' id='word_1_151' title='bbox 726 3370 968 3435; x_wconf 83' lang='lat' dir='ltr'>excellentium:</span> <span class='ocrx_word' id='word_1_152' title='bbox 1002 3369 1076 3451; x_wconf 84' lang='lat' dir='ltr'>qnia</span> <span class='ocrx_word' id='word_1_153' title='bbox 1101 3370 1145 3433; x_wconf 81' lang='lat' dir='ltr'>ila</span> 
     </span>
     <span class='ocr_line' id='line_1_26' title="bbox 264 3472 1147 3558; baseline 0 -21"><span class='ocrx_word' id='word_1_154' title='bbox 264 3472 464 3539; x_wconf 81' lang='lat' dir='ltr'>excellenter</span> <span class='ocrx_word' id='word_1_155' title='bbox 487 3474 680 3553; x_wconf 85' lang='lat' dir='ltr'>bonusest,</span> <span class='ocrx_word' id='word_1_156' title='bbox 717 3479 753 3537; x_wconf 91' lang='lat' dir='ltr'>ut</span> <span class='ocrx_word' id='word_1_157' title='bbox 773 3492 872 3558; x_wconf 86' lang='lat' dir='ltr'>super</span> <span class='ocrx_word' id='word_1_158' title='bbox 901 3492 994 3538; x_wconf 89' lang='lat' dir='ltr'>omne</span> <span class='ocrx_word' id='word_1_159' title='bbox 1019 3476 1147 3552; x_wconf 91' lang='lat' dir='ltr'>bonum,</span> 
     </span>
    </p>
   </div>
   <div class='ocr_carea' id='block_1_5' title="bbox 0 0 1424 4317">
    <p class='ocr_par' dir='ltr' id='par_1_7' title="bbox 0 0 1424 4317">
     <span class='ocr_line' id='line_1_27' title="bbox 0 0 1424 4317; baseline 0 0"><span class='ocrx_word' id='word_1_160' title='bbox 0 0 1424 4317; x_wconf 95' lang='lat' dir='ltr'> </span> 
     </span>
    </p>
   </div>
  </div>
 </body>
</html>
