2817 4317
1056 586 1099 653 93

214 797 299 861 quae
322 777 456 860 quilibet
500 783 642 840 nostrum
665 775 840 856 incideret,
870 775 933 839 nisi
955 776 1025 859 ejus
1047 778 1106 841 be·

216 882 314 964 nigna
341 881 509 965 protentio
536 898 598 945 nos
620 880 773 945 muniret:
805 879 923 963 nullum
946 882 1028 945 enim
1052 889 1102 947 est
1193 909 1199 919 ·

214 987 344 1069 peooati
367 1005 481 1069 genus,
504 985 536 1049 in
560 985 656 1066 quod,
676 984 707 1049 in
730 990 819 1048 tanta
841 991 975 1050 naturae
997 986 1097 1050 imbe-

213 1089 350 1154 oillitate
378 1098 412 1154 et
434 1088 477 1155 ad
499 1089 615 1153 melum
634 1088 806 1170 pronitate,
841 1106 903 1153 non
925 1089 1104 1156 fuissemus

212 1194 336 1259 diaboli
359 1200 431 1259 astu
454 1199 487 1257 et
509 1192 653 1275 potentia
675 1193 773 1257 faoile
798 1190 936 1275 impulsi,
969 1202 1002 1258 et
1032 1213 1099 1260 non

216 1297 364 1381 quotidie
378 1296 485 1361 adhue
507 1295 758 1386 impelleremur,
780 1298 843 1362 nisi
861 1297 934 1381 ipse
955 1316 1016 1362 nos
1039 1318 1099 1363 sua

214 1401 416 1485 benignitate
438 1401 528 1465 miris
556 1400 661 1466 modis
674 1409 881 1485 protegeret.
926 1401 1019 1467 Unde
1038 1423 1098 1468 ne-

216 1526 271 1572 mo
294 1514 407 1591 potest
430 1505 462 1569 in
481 1506 594 1589 ‘seipso
617 1506 771 1589 gloriari,
806 1506 897 1588 quasi
924 1524 985 1570 sua
1007 1505 1101 1570 indu·

217 1611 297 1675 stria
319 1612 393 1695 ipse
412 1612 518 1675 omnia
540 1609 595 1674 illa
619 1610 811 1674 evitaverit:
837 1609 897 1673 sed
930 1609 1028 1674 debet
1061 1627 1098 1673 se

214 1733 325 1780 eoram
346 1716 417 1781 Deo
439 1714 604 1795 bumilare,
627 1722 661 1778 et
682 1728 974 1795 agnoscere‘suem
995 1716 1097 1779 imbe-

214 1819 383 1898 cillitatem
398 1817 521 1901 Deique
543 1819 793 1900 benignitatem,
816 1837 877 1883 neo
894 1818 998 1883 minus
1021 1838 1098 1901 gra-

214 1923 279 1985 tias
294 1916 410 2006 ¹agere
436 1924 478 1987 de
501 1924 594 1988 malis
624 1942 708 2005 quae
730 1941 796 1987 non
814 1923 908 2001 feeit,
941 1922 1099 2004 quamde

216 2025 311 2091 bonis
333 2027 524 2109 qnae'leoit.
921 2082 924 2087 ,
1003 2023 1005 2028 ’

261 2131 291 2196 2.
314 2130 395 2209 Quin
417 2134 500 2220 siout
522 2128 669 2217 protexit
687 2148 747 2195 nos
766 2132 807 2196 ab
831 2129 1099 2213 innumerispee·

214 2235 330 2317 entia,
348 2236 380 2298 in
401 2254 503 2318 quae
537 2236 659 2318 alioqui
681 2233 856 2299 fuissemus
882 2232 1020 2318 lapsuri,
1050 2233 1096 2298 ita

219 2356 350 2421 qnoque
379 2340 525 2422 protexit
559 2343 601 2406 ab
641 2338 815 2403 innumeris
846 2337 999 2421 perieulis
1040 2337 1099 2402 da·

217 2442 388 2507 montionis
411 2452 579 2526 aeternae,
603 2462 697 2526 quam
719 2443 836 2508 millies
854 2441 924 2525 jam
945 2443 1128 2508 ineuntis-1·

216 2538 335 2628 semue,
357 2547 417 2611 nisi
439 2568 499 2612 sua
521 2548 690 2613 elementia
706 2566 765 2612 nos
779 2547 991 2630 protexisset.
1022 2547 1099 2624 oui-

215 2668 355 2732 oumque
389 2651 473 2715 enim
504 2657 556 2715 est
585 2652 621 2714 in
651 2660 738 2718 statu
766 2652 895 2735 pennati
928 2649 1099 2734 mortiferi,

215 2773 294 2817 reus
317 2760 370 2818 est
382 2755 475 2837 tignis
499 2757 638 2838 aeterni,
667 2757 711 2821 ad
734 2776 827 2839 quem
850 2756 957 2820 atatim
979 2754 1101 2827 adae·

214 2858 366 2922 monibus
389 2860 608 2943 abriperetur,
642 2862 671 2925 si
692 2861 781 2926 Deus
802 2861 836 2924 id
859 2859 942 2942 ipsis
964 2861 1100 2941 permit·

215 2970 311 3027 teret.
356 2960 449 3029 Unde
469 2981 509 3028 eo
532 2966 607 3047 ipso
631 2983 695 3046 quo
724 2983 784 3029 nos
812 2964 957 3047 protegit
978 2984 997 3027 a
1020 2982 1100 3046 peo-

216 3072 311 3149 oato,
342 3086 383 3130 ex
404 3069 630 3151 oonseqnenti,
653 3075 687 3132 et
709 3069 847 3137 mediate
870 3070 966 3150 etiam
988 3076 1100 3151 prote·

216 3172 267 3252 git
289 3191 309 3235 a
332 3170 535 3236 damnatione
558 3179 698 3237 aeterna.

263 3274 291 3340 3.
315 3275 408 3352 Quia
421 3294 485 3341 non
516 3278 620 3342 solum
642 3276 704 3341 bae
721 3276 847 3342 ratione
870 3295 931 3342 nos
953 3275 1097 3360 protegit

218 3393 240 3442 a
262 3378 476 3461 damnatione,
496 3380 555 3444 sed
580 3381 677 3444 etiam
699 3380 882 3445 immediate
904 3386 938 3442 et
962 3379 1096 3445 directe.

216 3482 344 3567 Nempe
367 3484 631 3567 quotiesoumque
658 3504 696 3549 re
723 3485 796 3568 ipsa
824 3501 935 3550 sumus
954 3483 1097 3550 in‘etatn
