2817 4317
306 548 372 615 242

309 757 479 820 exponam,
502 746 535 804 et
558 737 706 803 solatium
730 738 817 821 apud
839 744 872 803 te
886 737 1063 805 inveniam.
1107 738 1182 806 Nun·

309 862 403 925 quam
426 842 635 924 praesentiae
667 850 742 907 tuae
765 862 816 907 me
847 843 957 927 oapiat
991 844 1112 928 olivio,
1141 846 1184 909 lux

306 966 387 1029 mea,
412 946 553 1012 dulcedo
577 946 703 1012 animae
725 966 834 1013 meae:
865 966 1029 1029 nunquam
1052 949 1185 1014 ¹oblisis·

312 1069 369 1116 oar
397 1052 456 1133 tui,
480 1051 539 1116 sed
561 1070 693 1134 semper
723 1067 913 1134 quoeunque
931 1072 995 1117 me
1024 1062 1187 1132 converto,

208 1158 210 1163 '
307 1156 423 1219 mentis
447 1174 538 1219 meae
563 1156 665 1221 oeulis
697 1156 895 1220 obverseris.
939 1155 1047 1221 'l'otns
1079 1158 1187 1241 ubique

306 1277 463 1343 praesens
486 1279 532 1339 es,
557 1265 589 1322 et
611 1258 722 1323 radios
751 1258 958 1341 praesentiae
977 1263 1064 1325 tnae'
1082 1262 1189 1328 diffun-

307 1362 358 1427 dis
391 1383 451 1446 per
482 1362 616 1444 singula.
661 1362 754 1427 Siout
783 1351 866 1428 euim
889 1362 1068 1429 invisibilis
1092 1366 1190 1430 anima

310 1467 341 1529 in
365 1465 545 1529 hominibus
562 1482 598 1526 se
621 1464 702 1527 ioris
715 1465 836 1547 aperit
850 1483 911 1547 per
933 1472 1042 1532 motus
1067 1474 1103 1534 et
1117 1488 1190 1552 ope·

306 1569 464 1650 rationes,
495 1586 578 1649 quae
606 1567 750 1661 exterius
772 1575 889 1651 parent
909 1570 942 1633 in
961 1587 1127 1655 oorpore,
1149 1573 1191 1640 sio

307 1679 342 1734 ut
368 1671 471 1754 ipsius
494 1671 712 1752 praesentiam
735 1673 826 1736 oiare
860 1689 1120 1754 cognoseamus:
1155 1678 1191 1750 ita

306 1782 355 1857 tu,
380 1776 432 1858 qui
460 1775 598 1840 omnium
622 1796 659 1840 es
674 1776 742 1839 vita
758 1776 983 1859 supremitatis,
1006 1787 1042 1843 et
1057 1780 1192 1845 omnium

308 1898 384 1943 esse
407 1880 697 1961 superessentiale,
721 1890 753 1945 te
775 1882 855 1945 satis
886 1882 1193 1968 manifeste-prodis

306 1984 492 2065 peripsam
515 1991 737 2049 ereaturarum
761 1986 916 2068 speeiem,
939 1986 973 2048 in
995 1991 1065 2069 qua
1087 1990 1193 2055 etuoet

306 2088 504 2154 admirabilis
542 2087 703 2170 sapientia
738 2094 772 2152 et
809 2088 971 2170 potentia·
990 2094 1059 2154 tua.
1112 2090 1192 2170 Quid

307 2194 389 2257 enim
412 2191 500 2257 aliud
523 2189 697 2255 est-omnis
718 2196 877 2273 ereatura,
900 2207 994 2271 quam
1017 2191 1192 2276 impressio

306 2295 464 2380 quaedam
497 2302 531 2360 et
564 2293 701 2360 imitatio
737 2301 942 2359 aeternorum
976 2305 1192 2381 eoueeptunu

306 2401 423 2465 mentis
446 2397 546 2462 tuae?
592 2398 640 2461 Tu
662 2398 744 2462 enim
769 2398 910 2481 sigillum
933 2395 1144 2480 primaevum
1165 2408 1194 2465 et

309 2482 511 2579 universale,
531 2507 680 2564 ereatura
700 2519 782 2565 vero
816 2500 920 2566 veluti
941 2500 1047 2568 forma
1071 2523 1117 2570 ex
1137 2507 1194 2578 ,im-

305 2606 476 2689 pressione
492 2603 592 2688 sigini
611 2603 792 2669 resultans:
814 2623 878 2678 non
899 2604 1064 2672 iri-solida
1087 2609 1193 2694 aliqua

306 2710 456 2791 materia,
487 2726 571 2790 quae
603 2705 752 2771 detraoto
775 2706 884 2789 sigillo
913 2709 1025 2775 valeat
1048 2714 1192 2800 speeiem

307 2813 451 2876 retinere
478 2814 538 2877 sed
554 2810 646 2892 quasi
661 2809 690 2872 in
708 2809 796 2874 fluxa
818 2817 852 2874 et
874 2809 1033 2895 evanida,
1055 2814 1100 2879 in·
1115 2816 1193 2881 uiui·

308 2918 351 2981 lo.
395 2916 488 2983 Unde
509 2934 552 2978 ne
580 2914 622 2977 ad
653 2922 846 2980 momentum
879 2912 1006 2996 quidem
1041 2919 1193 2988 onustare

307 3027 428 3104 potest,
452 3022 482 3084 si
506 3017 649 3101 sigillum
668 3017 769 3083 absit:
794 3016 853 3081 sed
882 3018 1014 3086 assidua
1036 3041 1193 3105 praesen-

307 3126 351 3190 tia
375 3133 408 3188 et
429 3124 645 3206 impressione
667 3128 719 3185 est
742 3138 834 3203 opus.
878 3119 1071 3205 Agnosoam
1096 3128 1194 3213 igitur

309 3230 529 3314 praesentiam
549 3236 633 3291 tuam
661 3225 695 3288 iu
719 3224 885 3306 omnibns,
917 3226 1028 3308 quiin
1057 3229 1193 3318 siugulis

310 3333 529 3413 delitesoens,
553 3351 628 3396 esse
651 3337 685 3396 et
707 3329 850 3414 speeiem
880 3331 1029 3414 omuibus
1062 3337 1194 3404 assidue

305 3437 508 3520 suppeditas.
551 3438 656 3504 Amen.
