2817 4317
1027 562 1090 633 too

210 776 277 839 quo
300 755 436 820 tendunt
459 759 584 836 omnia,
616 754 757 818 nondum
780 754 941 839 addnot03
965 756 1019 822 ubi
1043 762 1092 819 ta·

208 879 282 926 mon
306 860 448 926 deaurso
472 859 577 923 stadio
602 877 661 923 sno
688 858 730 922 ad
754 867 868 926 motam
891 861 1091 943 pervenerit,

209 965 420 1047 olansnlaqne
443 971 609 1047 postremo
633 961 785 1045 imposita
806 964 916 1041 luerit,
934 983 1012 1045 „neo
1044 964 1091 1026 ul·

209 1067 311 1132 terius
348 1068 555 1131 humanarum
594 1086 700 1130 rernm
744 1075 895 1131 oxanrrat
938 1067 1091 1147 volubilis

209 1180 297 1248 rota,
319 1181 394 1236 tuno
418 1192 456 1236 so
479 1171 529 1233 vis
550 1169 778 1253 providentiae
801 1170 937 1253 aperiet,
967 1177 1000 1234 et
1018 1188 1092 1250 oon·

204 1275 308 1340 neatis
338 1276 485 1341 omnibns
508 1263 675 1342 oausannm
699 1278 884 1358 inferiorum
917 1279 1092 1362 erroribus,

171 1399 180 1411 ⁴
210 1377 418 1462 omnibusque
434 1381 466 1444 in
481 1382 626 1447 ordinem
641 1381 856 1449 firmissimum
873 1389 906 1447 et
921 1382 1093 1467 sempiter-
1206 1448 1208 1452 ,

210 1502 282 1547 num
313 1484 473 1568 sanantis,
509 1487 599 1552 alara
623 1486 855 1570 perspicietur,
887 1506 981 1569 quam
1004 1486 1094 1568 sapi·

164 1591 181 1604 ''
210 1596 312 1669 enter,
336 1607 430 1672 quam
449 1592 602 1669 suaviter,
624 1608 720 1672 quam
742 1608 886 1672 oongruo
901 1591 1026 1655 nataris
1041 1610 1095 1654 re·

211 1712 279 1756 ram
314 1699 346 1755 et
377 1693 472 1756 saluti
502 1694 701 1774 mortalium,
736 1713 830 1777 qnam
864 1697 1097 1760 oonvenienter

211 1795 342 1860 divinae
364 1796 508 1878 gloriae,
539 1798 644 1863 omnia
676 1800 717 1862 ab
750 1798 822 1881 ipsa
844 1796 964 1864 inerint
995 1800 1096 1865 admi-

211 1900 356 1963 nisti-ata.

253 2003 364 2085 Itapoe
386 2004 463 2069 nilit
485 2007 610 2070 omnino
631 2006 855 2089 pandentiosa
875 2026 925 2073 me
937 2013 1098 2092 praestari

192 2105 325 2189 potest,
363 2126 455 2188 qoam
477 2111 506 2173 si
519 2127 575 2173 me
603 2115 701 2176 totam
723 2111 975 2192 sapientissimae
992 2115 1099 2194 proei-
1216 2108 1219 2117 '

210 2214 334 2286 aeoliae
348 2219 421 2278 tnae
437 2215 634 2304 committam.
664 2209 803 2294 Dispone
825 2213 863 2278 de
876 2232 933 2291 me,
956 2213 1097 2295 Domine,

213 2318 247 2381 in
273 2320 411 2398 tempore
432 2322 464 2382 et
484 2318 686 2382 aeterniate:
713 2315 771 2397 fiat
792 2317 902 2401 ntipm
924 2325 952 2385 et
972 2322 1006 2385 in
1027 2337 1096 2385 om·

212 2417 303 2483 mins
327 2419 365 2485 oe
392 2437 456 2498 me,
484 2423 579 2502 jnnta
607 2421 838 2485 sanctissimam
869 2426 955 2486 team
986 2420 1096 2490 volan·

213 2525 317 2588 tatem
361 2518 476 2608 Amen.

498 2676 756 2742 CONSlllllRll'lIO
774 2681 807 2741 ll.

498 2816 546 2881 oe
568 2819 724 2899 sapientia
747 2817 814 2883 oei.

256 2937 389 3021 Sapiens
408 2944 442 3003 ot
464 2940 621 3019 sapientia
643 2938 760 3004 dieitur
794 2938 824 3003 1.
846 2944 881 3001 nt
901 2955 1001 3002 eausa
1024 2955 1092 3001 om·
1114 2935 1117 2940 ’

210 3039 263 3103 nis
285 3039 464 3123 sapientiae
487 3047 520 3105 ot
537 3040 639 3104 omnis
664 3040 858 3123 cognitionis
880 3048 944 3106 tam
961 3060 1093 3126 parvae,

211 3162 308 3226 quam
331 3162 469 3227 magnae
489 3144 520 3206 in
543 3143 672 3225 Bootis,
697 3143 727 3205 in
750 3141 903 3227 Angelis,
938 3145 971 3207 in
990 3144 1093 3208 homi·

210 3247 317 3329 nibus
338 3247 370 3311 in
384 3246 590 3312 animalibus:
615 3265 685 3310 nam
702 3248 806 3329 ipsius
820 3248 981 3331 sapientia
996 3248 1093 3312 otiam

210 3369 315 3416 eausa
343 3359 395 3416 est
431 3350 516 3416 illius
549 3350 655 3416 tennis
684 3352 895 3434 cognitionis,
927 3350 1093 3432 omnisque

210 3454 402 3538 industriae,
426 3462 581 3539 quaeest
604 3455 859 3522 inanimalibus.

864 3559 887 3626 8
