2817 4317
325 563 387 628 152
504 525 509 538 ’

320 762 443 840 petere,
466 753 530 817 hoo
552 753 683 835 saepius
706 752 855 835 promisit
877 772 915 817 se
930 753 1129 835 petentibus
1153 751 1203 816 de·

321 869 435 924 turum.
479 858 520 922 ut
539 875 602 940 apo,
622 858 732 940 inquit,
755 858 823 923 dieo
845 858 950 923 uobis:
980 861 1081 938 petite
1104 864 1135 923 at
1155 858 1203 922 riu·

324 964 407 1029 bitur
425 963 520 1043 nobis,
543 965 680 1043 quaerite
701 967 731 1027 et
743 964 913 1043 inuenietis,
932 960 1060 1043 pulsate
1085 968 1117 1027 et
1138 978 1204 1043 opa-

320 1070 417 1133 rtetur
434 1068 528 1131 vobis.
574 1067 680 1131 Omnis
708 1069 789 1130 euim
812 1069 864 1147 qui
884 1069 974 1147 petit,
1007 1068 1147 1148 accipit·
1180 1070 1204 1130 ot

322 1174 374 1254 qui
395 1174 523 1253 queant,
544 1172 677 1245 inuasit·
699 1175 729 1235 at
746 1170 884 1251 pulsanti
906 1173 1078 1251 operietur.
1124 1169 1205 1236 nee

323 1275 449 1356 quoties
471 1275 556 1338 idem
580 1274 773 1356 ingeminat,
797 1282 832 1337 ut
854 1274 942 1339 nullo
960 1273 1062 1352 modo
1080 1274 1204 1339 dubito·

320 1399 390 1477 mus
413 1397 472 1443 nos
496 1380 693 1443 obtenturos.
726 1379 850 1442 Deinde
866 1397 997 1461 semper
1019 1377 1128 1442 simus
1146 1377 1206 1442 sot·

321 1483 410 1564 lieiti,
428 1502 470 1546 ne
493 1501 633 1565 unquam
670 1483 800 1547 divinae
821 1483 946 1565 gratiae
969 1482 1137 1563 desimus,
1171 1502 1206 1547 ne

325 1607 395 1653 eam
419 1588 450 1651 in
470 1606 606 1651 vaenum
630 1588 837 1670 recipiamus,
853 1586 1013 1653 socordia
1040 1586 1207 1672 nostraei

322 1710 386 1756 non
409 1701 635 1776 oooperantes.
679 1693 797 1757 Parum
829 1692 923 1756 nobis
954 1691 1142 1773 proderunt
1163 1691 1208 1755 di·

319 1796 414 1860 vinae
442 1797 671 1880 inspirationes
705 1806 737 1862 et
767 1797 889 1862 auxilia
923 1796 1071 1879 gratioe,
1107 1797 1137 1861 si
1169 1795 1208 1861 ad

321 1900 386 1966 aba
408 1899 560 1965 conversi
584 1900 725 1964 sinamus
762 1901 818 1963 iila
848 1898 998 1979 effluere,
1025 1900 1063 1962 'si
1097 1919 1207 1964 semen

321 2003 399 2067 illud
423 2002 568 2067 eoeleste
588 2003 642 2066 vel
673 2023 692 2066 a
715 2002 903 2068 volueribus
926 2001 1011 2067 eoeli
1033 2005 1207 2085 permitta-

323 2126 393 2170 mus
416 2107 550 2186 absumi,
573 2097 670 2171 vel'a
684 2107 787 2190 spinis
810 2107 971 2172 suffocari.
1000 2103 1207 2184 Enoitandus

254 2293 255 2297 Ἰ
320 2210 454 2290 animus,
477 2217 513 2272 nt
533 2218 656 2275 attente
672 2210 867 2293 consideret,
890 2209 967 2291 quid
988 2208 1082 2275 Dens
1104 2230 1125 2276 a
1150 2230 1206 2277 no·

319 2314 370 2378 bis
390 2314 543 2396 requirat,
565 2314 606 2378 ad
630 2316 706 2397 quid
723 2316 849 2399 invitet,
873 2315 949 2398 quid
964 2314 1107 2381 interius
1129 2335 1206 2383 oon·

320 2417 383 2481 siiii
404 2417 548 2501 inspiret.
593 2417 680 2496 Hos,
718 2419 863 2501 abruptis
897 2417 1043 2482 omnibns
1080 2420 1204 2487 saeouli

319 2521 468 2604 vinouiis,
500 2522 750 2605 ampieotamor3
780 2526 844 2589 boo
863 2541 1117 2608 persequamur,
1146 2527 1205 2592 boo

319 2624 452 2689 firmiter
476 2646 580 2709 usque
607 2628 638 2689 in
661 2628 756 2693 finem
779 2636 955 2693 teneamus.
1000 2628 1051 2693 lta
1075 2650 1204 2716 semper

319 2730 418 2795 simus
439 2734 618 2813 comparati
648 2740 681 2796 et
704 2733 823 2814 intenti,
847 2751 887 2797 ao
909 2733 936 2795 si
959 2732 1108 2814 quotidie
1131 2755 1204 2819 snp-

316 2836 524 2899 remanebis
547 2837 683 2901 instaret
706 2838 797 2915 bora,
821 2846 852 2901 et
874 2838 905 2901 in
928 2838 1079 2902 omnibus
1103 2841 1202 2925 eliga-

322 2956 391 3001 mus
425 2945 458 3000 et
491 2938 648 3003 iaciamus
679 2941 765 3022 quod
797 2940 853 3005 iiio
883 2942 1040 3023 temporis
1066 2947 1201 3011 artiouio

318 3060 377 3105 nos
410 3042 555 3107 volemus
585 3044 714 3109 ieoisse.
746 3045 849 3133 ‘Haeo
878 3047 905 3108 si
928 3046 1201 3130 praestiterimus,

317 3146 402 3210 siout
426 3167 504 3239 uere
520 3166 695 3229 possumus
718 3156 751 3214 et
773 3154 821 3215 rei
836 3149 1024 3232 magnitudo
1047 3143 1201 3235 meretur,

317 3250 497 3315 nantissime
521 3252 602 3317 salvi
631 3254 769 3336 erimus3
802 3262 835 3319 et
867 3254 1200 3336 praedestinationem

316 3360 458 3446 nostram
481 3354 591 3421 diviua
625 3358 824 3440 benignitate
849 3359 1045 3439 inoboatam,
1073 3363 1201 3430 divinae

315 3458 439 3539 gratiae
472 3461 593 3528 auxilio
625 3464 866 3546 complebimus.
910 3464 1073 3533 immensa
1110 3470 1201 3553 plane
