2817 4317
1081 543 1122 615 13

284 742 427 811 Secundo
449 743 517 810 loeo
537 742 749 825 praeparatio
771 740 917 824 requirit,
938 748 974 806 ut
995 737 1122 823 eogita-

241 863 312 911 mus
339 847 490 930 quidnam
515 866 585 912 enm
608 846 678 912 neo
700 846 867 912 tractaturi
886 846 996 911 simus.
1027 844 1121 912 Sient

241 950 295 1034 qui
327 970 398 1016 enm
429 969 547 1035 magno
578 951 687 1033 aliquo
715 953 864 1035 prinoipe
899 960 1029 1016 aeturus
1061 956 1122 1029 eet,

238 1060 330 1137 prins
346 1056 481 1140 cogitat,
497 1056 647 1138 quidnam
663 1056 782 1120 debeat
796 1063 946 1136 tractare,
967 1055 1121 1121 itamulto

239 1160 345 1243 magis
375 1161 430 1241 qui
460 1168 591 1226 aeturus
615 1168 666 1225 est
688 1179 761 1226 oum
784 1162 871 1244 Deo,
901 1169 977 1226 ante
1000 1179 1123 1244 expen-

242 1262 325 1327 dere
346 1261 464 1329 debeat
479 1264 556 1347 quid
578 1283 678 1349 agere
697 1267 795 1331 velit:
818 1266 962 1331 nimirum
978 1285 1019 1331 an
1033 1266 1121 1332 illum

244 1367 387 1447 laudare,
410 1387 450 1433 an
472 1370 596 1451 gratias
619 1389 737 1455 agere,
765 1391 805 1437 an
834 1371 992 1436 benefioia
1014 1371 1122 1454 aliqua

240 1475 282 1538 ab
305 1489 346 1537 eo
368 1491 519 1556 poeoere,
542 1483 576 1540 et
598 1493 754 1558 quaenam
778 1495 818 1540 ea
841 1474 914 1539 sint.

287 1580 388 1645 Tatta
405 1578 477 1645 loco
498 1579 672 1663 petendum
687 1598 708 1644 a
722 1580 858 1645 Domino
874 1580 1034 1658 auxilinm,
1057 1595 1122 1661 qno

242 1683 346 1768 digne
368 1690 489 1749 tantum
509 1702 623 1751 munus
638 1694 811 1769 praestare
826 1684 1008 1767 poesimue3
1030 1682 1123 1747 nimi·

241 1809 311 1855 rum
334 1808 374 1853 ea
396 1788 516 1855 mentia
538 1789 721 1855 elevatione
744 1797 777 1853 et
800 1789 987 1868 attentione,
1007 1805 1046 1851 en
1069 1805 1123 1851 re·

241 1893 394 1957 verentia
416 1901 451 1957 et
472 1911 514 1959 eo
537 1894 671 1974 affeetu,
696 1912 761 1976 quo
785 1913 846 1975 par
868 1900 920 1957 eet
941 1900 1124 1956 ereaturam

242 2015 314 2063 eum
337 2014 397 2060 suo
422 2006 569 2063 oreatore
596 1997 747 2079 eolloqui.
783 1994 876 2061 Unde
900 1992 1123 2082 eommodisei·

242 2120 325 2165 mum
348 2109 490 2185 tempos,
511 2120 583 2184 ,quo
606 2103 746 2167 maxime
763 2108 815 2165 est
837 2119 927 2165 mene
950 2118 1067 2165 serena
1089 2107 1122 2164 et

241 2213 318 2291 apta
333 2208 609 2291 contemplationi,
622 2205 839 2291 deligendum,
854 2224 1029 2286 omnesque
1039 2204 1123 2270 aliae

241 2311 460 2394 cogitationes
484 2319 518 2376 et
536 2331 634 2378 ourae
653 2313 784 2397 penitus
802 2312 1043 2378 exoludendae:
1065 2331 1124 2394 pe·

241 2414 335 2478 rimie
357 2433 397 2481 ao
417 2414 448 2479 ai
476 2433 547 2480 eum
579 2420 678 2482 rebus
707 2417 856 2481 humanis
885 2416 941 2480 tibi
970 2416 1051 2479 nihil
1080 2418 1124 2482 eit
1210 2436 1212 2439 ·

241 2518 434 2600 eommeroii,
456 2527 490 2584 et
509 2519 600 2585 solua
630 2538 701 2585 oum
724 2521 795 2586 Deo
825 2528 859 2584 et
880 2515 1020 2603 Angelis
1050 2522 1121 2608 ejus

240 2622 289 2687 eis
314 2623 346 2687 in
368 2623 496 2688 mundo.

288 2726 359 2793 Hau
380 2729 635 2812 praeparatione
648 2730 829 2813 praemissa
848 2729 1067 2795 aonedendnm
1082 2730 1125 2795 ad

241 2834 349 2918 ipsam
381 2834 577 2899 orationem:
607 2853 690 2917 quae
720 2843 754 2900 ut
782 2836 904 2918 optimo
932 2834 1029 2899 modo
1057 2832 1124 2916 fiet,

241 2938 304 3003 tria
324 2938 479 3021 postulat.
524 2938 629 3005 Primo
661 2958 810 3021 magnam
839 2939 1047 3004 attentionem
1080 2938 1123 3002 ad

240 3041 344 3108 Deum
369 3043 422 3109 eui
445 3042 622 3127 loquimur,
651 3065 745 3128 quem
773 3046 868 3111 nobie
890 3047 922 3110 in
945 3064 1124 3131 praepara·

214 3133 217 3138 ’
241 3147 331 3212 tione
354 3150 396 3213 ob
419 3147 534 3214 oeulos
556 3149 740 3232 posuimue3
764 3151 838 3233 quia
859 3158 929 3216 tota
950 3151 1056 3216 oratio
1078 3148 1123 3214 ad

241 3254 347 3336 ipeom
376 3261 539 3335 tamqnam
571 3253 614 3318 ad
643 3262 851 3338 praesentem
888 3254 985 3339 dirigi
1015 3253 1122 3320 debet

242 3358 292 3425 Ex
311 3359 375 3424 lrao
395 3358 572 3424 attentione
594 3357 637 3438 iit,
658 3366 693 3425 ut
715 3377 787 3425 oum
800 3378 918 3445 magna
934 3360 1119 3425 reverentie

242 3481 361 3549 preoee
383 3470 515 3530 nostrae
536 3463 701 3530 faoiamne.
