2817 4317
322 578 387 645 248

323 769 370 830 tio
394 768 537 849 gratuita
560 777 621 832 ast.
663 768 779 851 ltaque
802 773 876 832 sunt
910 773 1029 831 natura
1062 788 1126 831 sua
1155 767 1202 831 iu·

325 872 480 934 mortales
519 879 670 955 respectu
702 872 868 956 potamiae
899 879 1146 952 creaturarum,
1178 878 1204 934 at

322 982 397 1039 sunt
419 982 533 1039 natura
556 978 791 1055 suamortaies
815 975 1062 1058 comparatione
1088 978 1132 1039 ad
1155 993 1204 1059 pu·

324 1078 454 1143 tantiam
479 1079 630 1146 divinam.

365 1182 395 1247 3.
418 1183 540 1247 Dicitur
562 1185 760 1264 immortalia,
792 1184 868 1267 quia
897 1200 1038 1266 prorsus
1067 1184 1207 1249 immuta·

324 1286 413 1350 bilis:
436 1287 480 1349 ita
496 1294 532 1352 ut
554 1307 616 1353 non
639 1289 744 1353 solum
769 1308 833 1354 nou
854 1287 963 1371 possit
986 1287 1148 1352 amittere
1166 1288 1207 1350 vi·

323 1397 398 1469 tam,
428 1388 487 1453 sed
510 1410 570 1454 aaa
594 1392 767 1473 quidquam
790 1390 878 1454 aliud
902 1408 1015 1455 eorum
1039 1410 1132 1473 quaa
1154 1392 1209 1476 ipsi

324 1493 447 1575 insunt3
479 1513 543 1560 uon
571 1497 654 1559 anim
678 1501 789 1577 potest
817 1494 849 1557 ei
871 1492 1048 1575 quidquam
1076 1495 1210 1574 detrahi,

324 1597 379 1660 vel
403 1596 444 1661 de
468 1597 637 1681 majestate
660 1606 693 1661 at
715 1597 952 1679 maguitudino,
983 1598 1040 1661 val
1075 1599 1122 1664 da
1137 1597 1210 1681 ,gla-

325 1700 372 1763 ria
395 1708 429 1763 et
448 1700 578 1783 gaudio,
601 1702 654 1767 vai
676 1702 718 1765 da
742 1702 872 1766 luceat
894 1701 1068 1783 sapientia,
1082 1787 1084 1791 Ι
1097 1703 1211 1767 vel‘da

325 1824 408 1888 pace
431 1814 463 1869 et
483 1806 725 1889 ¹tranquillitate
749 1805 861 1880 animi,
892 1805 946 1868 val
978 1805 1022 1870 de
1048 1806 1210 1872 affluentia

324 1911 483 1973 bonorum
512 1911 657 1973 omnium.
703 1908 790 1973 Nihil
824 1909 920 1972 etiam
956 1908 987 1971 iu
1012 1912 1167 1996 uuusiiiis
1186 1916 1213 1973 at

327 2017 468 2080 decretis
506 2016 580 2101 ejus
613 2016 773 2082 immutari
810 2014 1004 2078 intrinsecus
1043 2014 1079 2077 in
1111 2022 1211 2081 mania

328 2120 430 2203 ipsius
461 2127 582 2203 potest.
628 2119 779 2198 Quodsi
802 2120 856 2182 val
879 2116 1010 2180 minima
1030 2116 1210 2184 immutatio

326 2224 358 2286 in
381 2224 488 2305 ipsum
512 2223 633 2288 cadara
655 2231 782 2306 posset,
801 2223 950 2305 jamnon
971 2230 1067 2285 assat
1088 2222 1212 2287 immor·

326 2325 400 2389 talis
433 2326 543 2408 quoad
574 2328 698 2407 omuia3
737 2345 809 2389 uam
843 2325 875 2387 in
907 2324 992 2389 omni
1027 2328 1210 2406 mutatione,

326 2447 389 2510 qua
412 2427 534 2510 aliquid
554 2430 715 2509 amittitur,
737 2430 838 2492 veluti
856 2447 943 2492 mars
963 2429 1144 2514 quaedam,
1166 2451 1211 2494 sa·

326 2530 463 2595 cundum
487 2530 521 2594 id
544 2531 632 2613 quod
655 2532 819 2613 amittitur,
842 2532 1026 2596 intervenit.

675 2751 860 2807 PRECATIO.

542 2896 598 2961 Ad
619 2898 892 2994 immortaliiatem
916 2900 990 2961 Dei.

540 3029 581 3084 Ex
600 3030 646 3085 rib.
663 3033 690 3087 7.
708 3034 741 3087 da
758 3032 870 3103 Persem.
889 3047 952 3103 cap.
968 3034 994 3090 3.

377 3159 402 3223 0
425 3158 550 3240 quanda
580 3152 713 3224 mortale
739 3160 798 3225 hac
815 3163 920 3225 induet
941 3164 1213 3235 immortaiieuiem,

327 3267 358 3327 at
385 3262 584 3342 corruptibile
611 3262 670 3326 hoc
696 3262 986 3345 incorruptionem?
1036 3264 1119 3331 Vara
1150 3282 1213 3331 car·

325 3382 385 3446 pua
407 3367 488 3447 quud
509 3369 720 3447 corrumpitur
742 3371 895 3448 aqqrauat
917 3369 1070 3446 animam,
1094 3371 1159 3436 nia·
1177 3375 1212 3445 ia,

327 3469 467 3550 Domina,
490 3469 628 3535 sublevas
646 3487 722 3547 uoq·
750 3475 779 3535 at
801 3472 931 3551 spiritua
953 3473 1027 3533 tana
1050 3477 1211 3556 promptu
