2817 4317
326 535 387 602 122

324 728 442 807 texisti,
468 734 500 790 ut
521 726 636 790 Filium
660 734 747 791 tuum
765 728 963 808 unigenitum
985 747 1118 793 carnem
1136 748 1208 794 nos·

324 841 405 895 tram
429 852 605 910 assumere,
628 842 661 895 et
684 834 815 897 fratrem
848 840 992 896 nostrum
1018 833 1090 896 fieri
1114 836 1207 898 volu·

324 935 406 1018 eris3
429 943 465 999 ut
487 928 580 999 inea
600 938 765 1003 nobiscum
784 960 930 1021 versans,
954 941 1108 1002 tenebras
1135 958 1208 1003 uos·

322 1041 614 1117 tras'discureret,
649 1042 733 1106 viam
764 1045 877 1107 salutis
900 1042 1108 1123 ostenderet,
1145 1062 1208 1108 om·

320 1146 404 1210 nium
428 1146 581 1208 virtutum
603 1147 750 1230 exempla
775 1149 958 1230 praeberet,
984 1144 1117 1211 divinae
1138 1147 1204 1231 jus·

321 1251 411 1315 titiae
433 1268 494 1332 pro
517 1248 609 1311 nobis
634 1249 857 1335 satisfaceret,
880 1251 1038 1331 sanguiue
1063 1238 1127 1315 suo
1152 1270 1208 1315 uus

321 1358 475 1431 ablueret,
495 1362 527 1416 et
543 1371 606 1417 suo*
619 1353 733 1436 spiritu
748 1355 844 1421 nobis
860 1356 1107 1435 communicatu,
1126 1356 1209 1421 filies

328 1471 400 1524 tuus
433 1465 466 1522 et
498 1458 658 1522 haeredes
692 1459 784 1541 regni
806 1460 862 1539 tui,
881 1477 1024 1542 suosque
1047 1462 1209 1527 cobaere-

323 1566 382 1628 des
412 1551 569 1627 efficeret.
613 1560 767 1643 Magnum
796 1564 929 1646 pietatis
953 1562 1210 1646 Sacramentum,

325 1669 413 1751 quud
445 1668 474 1729 in
510 1684 607 1740 carne
628 1684 804 1747 »apparere
833 1668 957 1731 iecisti!
1003 1666 1210 1735 Admirabile

325 1790 408 1859 opus
428 1770 686 1850 misericordiae,
722 1772 808 1851 quud
834 1781 944 1835 nestra
967 1790 1067 1838 causa
1090 1794 1211 1859 perpe·

324 1879 430 1942 trasti!
465 1878 609 1941 Tantane
633 1894 688 1936 res
713 1885 784 1938 erat
807 1876 896 1938 salus
919 1884 1050 1955 nostra,
1079 1887 1117 1941 ut
1142 1900 1210 1943 eam

325 1985 403 2047 tanti
428 1976 636 2059 aestimares,
672 1988 705 2042 et
726 1980 885 2060 perditam
909 1980 1014 2043 tandis
1036 1981 1213 2063 impendiis

322 2086 485 2152 farcires‘i
522 2092 584 2147 tam
618 2085 784 2166 pretiosae
821 2086 852 2148 iu
888 2084 990 2149 oculis
1019 2086 1085 2148 tuis
1119 2097 1212 2152 erant

326 2192 452 2257 animae
476 2200 615 2269 nostrae,
639 2198 673 2251 ut
693 2190 741 2253 eis
765 2189 964 2253 redimendis
979 2179 1110 2266 ⁴tautum
1133 2194 1209 2258 des·

323 2299 441 2361 tiuares
464 2292 627 2378 pretium?

369 2397 551 2466 Peccaruut
573 2395 706 2480 Angeli,
730 2389 764 2461 et
786 2399 895 2462 subito
919 2398 1050 2462 fulmine
1073 2409 1210 2466 senteu-

326 2504 391 2569 tiae
415 2511 487 2567 tuae
510 2502 567 2565 icti
591 2522 609 2565 e
634 2503 727 2566 coeio
752 2502 784 2563 in
806 2510 928 2565 tartara
952 2504 991 2565 ad
1017 2503 1155 2568 exitium
1179 2512 1211 2569 et

323 2607 516 2693 supplicium
541 2610 704 2669 aeternum
729 2611 802 2667 sunt
825 2604 1037 2690 praecipitati.
1082 2606 1210 2671 Pecca-

230 2717 233 2724 '
328 2714 432 2777 vimus
457 2710 614 2787 hemines,
638 2715 671 2771 et
694 2725 756 2770 ucu
776 2709 878 2772 scium
899 2726 960 2773 uos
983 2709 1139 2791 sustines,
1163 2713 1209 2775 ira

328 2826 361 2881 et
383 2816 522 2895 vindicta
546 2812 702 2891 co'hibit'a,
726 2812 783 2874 sed
808 2813 903 2875 etiam
925 2813 1081 2890 immenso
1108 2817 1210 2880 bene·

308 2921 409 3001 “fici0,
433 2918 537 3001 quale
551 2934 612 2979 uec
635 2935 695 2997 pro
720 2914 849 2979 infinitis
865 2916 1043 2980 benefactis
1067 2938 1210 3003 exspec-

327 3025 387 3087 tari
409 3022 580 3107 potuisset,
603 3038 670 3083 uus·
687 3018 802 3101 afficis,
826 3020 902 3083 dato
925 3020 1208 3104 uobisUnigenito

327 3137 381 3192 tuo
406 3138 469 3211 per*
488 3124 719 3189 iucarnationis
743 3124 948 3209 mysterium,
981 3126 1034 3207 qui
1067 3137 1208 3209 peccata

326 3241 437 3297 nostra
459 3250 517 3295 suo
541 3231 696 3310 sanguine
717 3231 849 3310 deleret,
872 3237 905 3293 et
926 3248 987 3294 uus
1005 3232 1089 3294 omui
1106 3234 1208 3297 berre·

306 3335 469 3401 ¹dictione
501 3335 635 3400 coelesti
666 3336 850 3400 cumularet.
893 3333 935 3397 Et
963 3343 1069 3398 tamen
1103 3357 1207 3419 quan·

327 3447 391 3504 tum
419 3439 503 3503 iuter
530 3457 590 3504 nos
613 3447 647 3503 et
667 3440 743 3503 illes
768 3438 927 3504 interest?
960 3446 1082 3521 quanto
1105 3441 1205 3507 iuter·
