2817 4317
1069 558 1112 627 2⁵1

231 737 443 836 mentientium
457 751 645 817 hebdomade
667 754 799 835 quarto:
829 750 889 816 [iio
912 748 1023 816 ouandi
1045 768 1113 815 mo·

233 855 294 920 dus
318 857 348 921 in
373 874 413 922 eu
436 855 595 934 consistit,
617 863 653 919 nt
675 854 759 918 inter
774 854 918 937 singulas
932 854 1114 938 respirandi

234 962 327 1027 uiuus
362 960 493 1045 singula
523 960 680 1026 orationis
714 959 816 1024 verba
851 961 1113 1044 transmittamus,

231 1083 380 1152 expenso
403 1065 538 1144 interim,
564 1062 618 1127 vei
640 1062 876 1146 significatione
890 1062 1041 1148 prolatae
1056 1082 1116 1129 vo·

232 1171 298 1252 uis,
328 1170 381 1233 vet
420 1186 597 1253 personae,
632 1166 674 1230 ad
708 1184 801 1249 qnam
835 1168 941 1231 uretiu
976 1176 1115 1253 spectat,

234 1274 408 1355 dignitate,
431 1273 486 1337 vei
501 1290 574 1337 mua
594 1272 699 1355 ipsius
714 1272 855 1353 vilitate,
876 1270 930 1335 val
950 1270 1116 1355 utriusque

233 1386 399 1462 postremo
418 1376 609 1441 differentia.
646 1374 769 1441 Eodem
791 1374 1032 1461 procedendum
1046 1392 1115 1441 mo·

232 1481 277 1546 do
300 1483 331 1547 in
353 1482 466 1549 verbio
487 1478 630 1564 reliquis.

517 1726 773 1795 consulentem
794 1728 825 1789 ΙΙ.

454 1864 502 1931 Do
523 1868 591 1948 ipso
613 1882 688 1945 esso,
710 1870 742 1929 et
762 1866 815 1947 qno·
836 1867 891 1928 eet.

279 1997 367 2063 Deua
390 1997 609 2080 diatonum,
640 2007 672 2065 et
695 2005 748 2085 qui
768 2004 822 2082 oet,
846 2008 880 2065 et
902 2001 1038 2067 existent
1059 1997 1114 2082 (ut

235 2101 453 2188 Septuaginta
483 2114 615 2171 uertunt
639 2104 745 2170 Exodi
775 2101 814 2187 3)
843 2104 983 2187 quinquo
1010 2104 1115 2172 modis

232 2208 289 2274 vel
311 2210 499 2276 rationibus.
524 2210 702 2277 tuotone
726 2217 759 2273 ot
780 2227 878 2273 nausa
901 2209 1001 2274 totino
1024 2225 1116 2295 eso03

207 2333 303 2379 ,uum
327 2331 422 2380 omne
444 2333 535 2395 ense,
567 2322 601 2377 et
628 2332 722 2379 omne
754 2326 812 2379 unu
835 2315 876 2378 ab
899 2313 973 2397 ipsu
996 2315 1053 2395 eit,
1082 2323 1116 2381 ut

234 2416 367 2481 assidue
389 2418 429 2482 ab
445 2417 531 2500 ipso,
553 2416 637 2483 eiuut
661 2416 767 2481 lumen
782 2434 802 2479 a
816 2418 898 2499 sole,
922 2417 1115 2504 dependent

279 2520 310 2586 2.
339 2519 421 2598 Quia
451 2538 516 2586 nou
546 2522 645 2588 habet
670 2540 747 2586 esea
775 2521 907 2604 aliquod
936 2524 1113 2605 limitatum,

233 2641 339 2707 neque
379 2634 431 2691 eet
458 2626 523 2691 hou
559 2625 737 2707 veliunt,
769 2626 851 2690 siunt
879 2623 1028 2710 Angelus
1060 2627 1115 2695 vel

232 2729 346 2794 homo:
368 2730 428 2795 aad
450 2734 595 2798 uniuerso
617 2737 677 2809 eet,
699 2737 801 2795 totum
823 2748 898 2795 eaeo
913 2730 947 2796 in
970 2750 1008 2797 se
1023 2747 1112 2798 oom-

232 2831 399 2918 pieutauo‚
430 2841 462 2899 et
485 2836 528 2899 ab
555 2841 688 2898 aeterno
718 2833 914 2918 antiuipauo;
943 2851 1015 2902 uum
1042 2844 1111 2903 tuta

232 2935 364 3002 meandi
388 2937 564 3022 plenitudo,
587 2944 721 3018 totaque
743 2938 826 3003 ontis
837 2938 974 3006 latitudo
994 2948 1029 3006 et
1043 2951 1111 3006 a'm·
1193 2964 1196 2970 ’

231 3040 376 3129 plimon,
408 3043 439 3107 in
473 3042 547 3126 ipsu
580 3039 766 3125 plenissime
796 3049 830 3107 et
860 3044 1109 3110 eminentissime

233 3146 446 3212 ountiueatur.

239 3273 244 3278 ·
276 3248 307 3317 3.
329 3250 410 3330 Quia
432 3254 617 3335 sempiterno
632 3257 693 3333 est,
717 3267 778 3316 suo
795 3269 880 3331 esee,
903 3271 1027 3336 suaque
1040 3253 1109 3321 vita

231 3360 332 3420 tutam
355 3354 508 3440 impleus,
536 3353 739 3439 adaequans,
767 3355 799 3419 in
821 3375 860 3422 ea
887 3357 1108 3444 complentem

231 3466 268 3524 et
288 3459 436 3526 ambient
453 3457 688 3525 aeternitatem.
885 3558 906 3599 a

773 3585 775 3590 ⁴
857 3561 878 3627 2
