2817 4317
1092 571 1155 643 105

495 815 499 820 '
589 827 591 831 ’
650 801 762 867 Dolor.

312 935 361 1003 Ob
390 936 475 1002 hano
495 954 626 1002 oausam
650 938 748 1005 doleo
771 959 850 1005 rane
873 958 915 1004 ex
937 938 1057 1021 intimis
1081 941 1152 1005 ani·

266 1060 340 1108 mae
364 1041 529 1123 medullio,
561 1063 603 1108 ex
633 1050 703 1109 toto
727 1045 844 1128 eorde,
869 1065 912 1109 ex
936 1051 1005 1109 tota
1028 1046 1148 1112 virtute

261 1165 345 1232 mea.
389 1143 517 1211 Utinam
540 1146 693 1213 infinitum
729 1148 897 1231 dolorem,
929 1157 962 1213 et
999 1148 1151 1215 infinitam

264 1250 512 1316 detestationem
549 1252 724 1336 concipere
760 1272 913 1339 possem,
949 1254 1033 1319 siout
1075 1255 1148 1338 ipsa

263 1362 400 1439 peooata
430 1355 554 1421 infinito
586 1355 700 1421 doloro
733 1366 766 1422 et
801 1358 1016 1424 detestatione
1048 1359 1148 1442 digna

264 1466 349 1543 sunt,
370 1478 443 1526 eum
466 1462 583 1526 malum
611 1462 675 1526 sint
696 1462 866 1528 infinitum!

468 1653 680 1742 Propositum
702 1654 952 1725 emendationis.

306 1789 458 1862 Firmiter
479 1811 640 1879 propono,
662 1793 875 1877 pergratiam
890 1800 986 1873 tuam,
1011 1802 1149 1876 peecata

262 1895 323 1961 illa
345 1896 499 1977 annotari,
521 1905 554 1963 et
578 1917 628 1962 me
650 1899 838 1979 emendare,
862 1905 895 1961 et
916 1899 1147 1981 poenitentiam

264 2016 328 2083 pro
357 2000 422 2066 illie
452 2001 626 2087 injunotam
655 2002 799 2085 implore.
842 2000 993 2064 Firmiter
1021 2019 1149 2084 quoque

263 2109 384 2188 statuo,
402 2124 461 2190 per
477 2106 624 2191 ejusdem
638 2107 763 2190 gratiae
780 2112 855 2170 tuae
869 2106 1031 2185 auxilium,
1050 2124 1148 2172 eano-

263 2208 389 2274 tissima
411 2219 589 2295 praeoepta
620 2217 675 2277 tua
703 2230 834 2294 semper
855 2230 935 2295 prae
955 2209 1059 2274 oeulis
1083 2210 1143 2273 ha·

262 2316 354 2396 bero,
375 2321 410 2379 ot
431 2314 553 2380 infinite
575 2336 675 2402 supra
699 2317 805 2381 omnia
829 2317 914 2381 bona
947 2322 1058 2379 ereata
1088 2334 1145 2378 ae-

263 2417 412 2501 stimare3
433 2419 478 2484 ita
499 2427 535 2484 ut
552 2421 669 2488 millies
691 2421 797 2487 malim
820 2420 911 2500 mori,
929 2438 1026 2502 ⁴quam
1049 2438 1145 2484 unum
1195 2405 1197 2410 ’

265 2517 309 2587 ex
329 2522 395 2588 illis
415 2523 553 2591 violare.

361 2715 559 2801 Deprecatio
580 2719 707 2799 ueniae,
730 2728 762 2783 et
784 2721 923 2783 iteratus
946 2717 1047 2781 dolor.
1096 2754 1098 2756 ·

308 2850 422 2936 ltaque
453 2853 609 2918 miserere
639 2857 703 2920 mei
724 2855 828 2934 Deus,
851 2855 1092 2921 misereremei
1115 2861 1149 2919 et

263 2959 405 3042 ignosce
425 2956 512 3023 mihi.
539 2958 700 3023 Miserere
716 2960 779 3025 mei
797 2960 974 3024 seeundum
997 2977 1145 3043 magnam

263 3061 522 3128 miserioordiem
545 3069 641 3142 tuam,
664 3071 696 3127 et
719 3062 893 3128 seeundum
913 3063 1147 3128 multitudinem

264 3165 510 3231 miserationum
535 3173 673 3248 tuarum,
707 3167 782 3233 dele
815 3169 1002 3251 inquitatem
1032 3177 1155 3232 meam

265 3268 428 3336 Miserere
465 3271 528 3335 mei
559 3272 735 3338 seeundum
769 3273 1026 3339 mirericordiam
1060 3281 1145 3338 tuam

266 3374 464 3459 naturalem,
495 3382 529 3440 et
559 3377 735 3442 seeundum
768 3376 1024 3442 miserioordiam
1059 3382 1148 3441 tuam

264 3478 443 3544 liberalem.
489 3478 678 3562 ODomine‚
702 3482 789 3546 Deua
807 3502 905 3562 meus,
929 3481 1037 3564 doleo,
1060 3480 1148 3566 quod

858 3583 879 3649 5
894 3582 940 3623 *tt
