2817 4317
315 582 381 650 252

319 774 360 838 lis
374 772 513 855 annique
525 772 608 854 vias,
619 790 720 855 snpra
733 771 840 835 omnia
852 772 940 835 bona
951 777 1080 853 ereata,
1097 778 1132 836 et
1142 772 1201 835 vin·

275 958 279 969 Ι
320 877 395 941 oulo
415 876 585 941 eharitatis
597 874 762 939 insolubili
777 873 945 956 adstringe
960 875 1039 957 tibi3
1055 884 1093 939 ut
1109 896 1204 958 neque

319 998 416 1061 mors,
437 999 542 1062 neque
563 980 641 1056 vita,
662 998 767 1061 neque
785 985 974 1060 paupertas,
992 998 1107 1061 neque
1129 979 1203 1043 diri·

325 1078 397 1159 tiae
410 1103 516 1164 neque
533 1083 638 1164 glorie
654 1083 706 1147 vel
727 1066 1040 1165 ignominiamque
1058 1082 1207 1167 voluptas

323 1187 376 1252 vel
398 1187 608 1268 profondum,
644 1204 751 1267 neque
773 1185 867 1268 ipsae
888 1185 1071 1251 interorum
1099 1198 1206 1271 portae
1247 1188 1248 1199 ’

320 1301 352 1352 et
369 1283 527 1354 'universa
551 1288 674 1355 diaboli
698 1295 857 1353 tormenta
880 1288 1015 1353 valeant
1038 1311 1118 1356 eam
1137 1310 1206 1359 oon·

320 1394 453 1473 vellere,
476 1399 531 1458 aut
553 1412 573 1455 a
596 1401 629 1457 le
652 1411 820 1475 separare.
864 1394 971 1486 lmen.

604 1619 919 1683 coosronmrro-x.
980 1603 1003 1640 ’-

569 1758 617 1823 lle
647 1761 854 1823 immensitate
883 1730 971 1822 nass
1002 1797 1004 1802 ·
1052 1831 1054 1836 ,

531 1897 642 1948 Affectus
667 1897 815 1963 gaudii-de
838 1894 915 1945 bonis
939 1893 1001 1970 1¹⁸³·
1133 1955 1136 1961 Ι
1169 1857 1171 1862 Ι
1247 1939 1248 1955 ,

362 2021 542 2086 Immensus
566 2019 684 2083 dieitur
706 2020 832 2087 ratione
848 2018 1083 2101 magnitudinis
1104 2029 1139 2085 et
1160 2041 1208 2084 ex·

323 2123 500 2186 tensionis:
525 2122 600 2203 qnia
624 2122 669 2185 ita
690 2122 721 2184 in
746 2140 870 2197 ornnem
884 2130 1052 2203 ‚partem
1075 2142 1208 2202 sursum,

321 2226 499 2305 deorsum,
530 2233 730 2304 antrorsum,
764 2235 959 2303 retrorsum,
978 2225 1208 2305 dextrorsum,

320 2331 542 2394 sinistrorsum
570 2330 755 2395 extenditur
776 2339 809 2395 et
831 2330 922 2412 quasi
945 2328 1159 2411 diffunditur,
1181 2338 1209 2394 ut

322 2433 418 2497 nullis
443 2435 589 2499 locorum
613 2435 751 2518 spatiis,
783 2434 878 2499 nullis
900 2429 1051 2507 terminis
1074 2437 1209 2501 oiroum·

322 2538 421 2601 scribi
460 2545 572 2618 queat:
610 2557 695 2619 quoe
735 2558 788 2601 res
826 2535 1008 2628 est'valde
1032 2539 1209 2622 stupenda.

323 2641 446 2724 (legita-
477 2648 570 2705 extra
602 2642 752 2705 mundum
775 2642 912 2724 spetlum
937 2631 1022 2733 mille
1047 2640 1209 2708 leucarum

322 2747 354 2809 in
387 2763 512 2809 ornnem
549 2754 674 2827 partem
708 2753 895 2826 extensnm3
931 2742 1043 2813 adhue.
1077 2746 1210 2811 ulterior

322 2856 374 2913 est
395 2849 493 2914 Deus.
540 2848 655 2931 Cogita
679 2858 807 2914 eentum
830 2845 928 2912 millia
952 2848 1143 2931 leneeruro3
1166 2850 1209 2912 ul·

324 2954 428 3018 terior
457 2961 509 3016 est
541 2952 639 3017 Deus.
684 2954 802 3036 Cogita
823 2954 924 3017 mille
957 2941 1124 3018 million'es
1148 2954 1209 3018 leu-

322 3077 448 3139 oarnm3
474 3057 562 3121 Deus
578 3057 713 3122 ulterior
734 3058 903 3122 invenitur.
934 3054 1062 3138 (legita-
1078 3055 1130 3123 t'ot
1145 3057 1208 3123 nril·

322 3163 427 3227 liones
450 3161 638 3240 lemarum,
672 3169 752 3243 quot
773 3178 893 3224 arenae
915 3153 1130 3225 in'omnibus
1162 3161 1210 3224 lit·

323 3266 458 3346 toribus,
480 3271 557 3346 quot
580 3269 693 3345 guttae
716 3265 747 3327 in
763 3266 911 3329 omnibus
925 3262 1029 3344 aquis,
1053 3264 1121 3330 imo
1137 3271 1210 3349 quot

323 3368 496 3453 pulvisculi
521 3368 699 3446 necessarii
727 3369 769 3432 ad
793 3366 990 3450 implendum
1012 3373 1123 3456 toturn
1146 3368 1209 3434 uni·

323 3492 470 3544 versum:
502 3470 610 3536 edlruo
632 3472 722 3539 Dens
749 3470 881 3536 infinitis
902 3470 1076 3558 leucarum¹
1096 3474 1209 3540 millio·
